[
  {
    "sku": "braisade-de-canard-100gr",
    "name": "Braisade de canard +/-100gr",
    "published": 1,
    "is_featured": 0,
    "visibility": "visible",
    "short_description": "1pc 100gr  32.90€/kg",
    "description": "1pc 100gr  32.90€/kg",
    "regular_price": 3.29,
    "sale_price": "",
    "categories": "Barbecue",
    "images": "https://boucheri.vds131.tmp-access.net/wp-content/uploads/2026/01/braisade-de-canard-100gr.jpg",
    "stock_status": "instock",
    "manage_stock": 0,
    "tax_class": "",
    "weight": null,
    "tags": ""
  },
  {
    "sku": "brochette-dagneau-150gr",
    "name": "Brochette d'agneau +/-150gr",
    "published": 1,
    "is_featured": 0,
    "visibility": "visible",
    "short_description": "1pc 150gr - 24,98€/kg",
    "description": "1pc 150gr - 24,98€/kg",
    "regular_price": 3.74,
    "sale_price": "",
    "categories": "Barbecue",
    "images": "https://boucheri.vds131.tmp-access.net/wp-content/uploads/2026/01/brochette-dagneau-150gr.jpg",
    "stock_status": "instock",
    "manage_stock": 0,
    "tax_class": "",
    "weight": null,
    "tags": ""
  },
  {
    "sku": "brochette-de-boeuf-150gr",
    "name": "Brochette de bœuf  +/-150gr",
    "published": 1,
    "is_featured": 0,
    "visibility": "visible",
    "short_description": "1pc 150gr - 22,95€/kg",
    "description": "1pc 150gr - 22,95€/kg",
    "regular_price": 3.44,
    "sale_price": "",
    "categories": "Barbecue",
    "images": "https://boucheri.vds131.tmp-access.net/wp-content/uploads/2026/01/brochette-de-boeuf-150gr.jpg",
    "stock_status": "instock",
    "manage_stock": 0,
    "tax_class": "",
    "weight": null,
    "tags": ""
  },
  {
    "sku": "brochette-de-volaille-150gr",
    "name": "Brochette de volaille +/-150gr",
    "published": 1,
    "is_featured": 0,
    "visibility": "visible",
    "short_description": "1pc 150gr - 20,98€/kg",
    "description": "1pc 150gr - 20,98€/kg",
    "regular_price": 3.14,
    "sale_price": "",
    "categories": "Barbecue",
    "images": "https://boucheri.vds131.tmp-access.net/wp-content/uploads/2026/01/brochette-de-volaille-150gr.jpg",
    "stock_status": "instock",
    "manage_stock": 0,
    "tax_class": "",
    "weight": null,
    "tags": ""
  },
  {
    "sku": "brochette-de-porc-et-boeuf-150gr",
    "name": "Brochette de porc et bœuf +/-150gr",
    "published": 1,
    "is_featured": 0,
    "visibility": "visible",
    "short_description": "1pc 150gr - 18,95€/kg",
    "description": "1pc 150gr - 18,95€/kg",
    "regular_price": 2.84,
    "sale_price": "",
    "categories": "Barbecue",
    "images": "https://boucheri.vds131.tmp-access.net/wp-content/uploads/2026/01/brochette-de-porc-et-boeuf-150gr.jpg",
    "stock_status": "instock",
    "manage_stock": 0,
    "tax_class": "",
    "weight": null,
    "tags": ""
  },
  {
    "sku": "couronne-de-porc-marinee-200gr",
    "name": "couronne de porc marinée +/-200gr",
    "published": 1,
    "is_featured": 0,
    "visibility": "visible",
    "short_description": "1pc 250gr - 19,98€/kg",
    "description": "1pc 250gr - 19,98€/kg",
    "regular_price": 4.99,
    "sale_price": "",
    "categories": "Barbecue",
    "images": "https://boucheri.vds131.tmp-access.net/wp-content/uploads/2026/01/couronne-de-porc-marinee-200gr.jpg",
    "stock_status": "instock",
    "manage_stock": 0,
    "tax_class": "",
    "weight": null,
    "tags": ""
  },
  {
    "sku": "filet-de-poulet-marine-250grgr",
    "name": "filet de poulet mariné +/-250grgr",
    "published": 1,
    "is_featured": 0,
    "visibility": "visible",
    "short_description": "1pc 250gr - 17,98€/kg",
    "description": "1pc 250gr - 17,98€/kg",
    "regular_price": 4.49,
    "sale_price": "",
    "categories": "Barbecue",
    "images": "https://boucheri.vds131.tmp-access.net/wp-content/uploads/2026/01/filet-de-poulet-marine-250grgr.jpg",
    "stock_status": "instock",
    "manage_stock": 0,
    "tax_class": "",
    "weight": null,
    "tags": ""
  },
  {
    "sku": "lard-marine-100gr",
    "name": "Lard mariné +/-100gr",
    "published": 1,
    "is_featured": 0,
    "visibility": "visible",
    "short_description": "1pc 100gr - 16,99€/kg",
    "description": "1pc 100gr - 16,99€/kg",
    "regular_price": 1.69,
    "sale_price": "",
    "categories": "Barbecue",
    "images": "https://boucheri.vds131.tmp-access.net/wp-content/uploads/2026/01/lard-marine-100gr.jpg",
    "stock_status": "instock",
    "manage_stock": 0,
    "tax_class": "",
    "weight": null,
    "tags": ""
  },
  {
    "sku": "pilons-marines-100gr",
    "name": "pilons marinés +/-100gr",
    "published": 1,
    "is_featured": 0,
    "visibility": "visible",
    "short_description": "1pc 100gr - 10,98€/kg",
    "description": "1pc 100gr - 10,98€/kg",
    "regular_price": 1.09,
    "sale_price": "",
    "categories": "Barbecue",
    "images": "https://boucheri.vds131.tmp-access.net/wp-content/uploads/2026/01/pilons-marines-100gr.jpg",
    "stock_status": "instock",
    "manage_stock": 0,
    "tax_class": "",
    "weight": null,
    "tags": ""
  },
  {
    "sku": "salade-de-pate-toscane-500gr",
    "name": "salade de pâte toscane +/-500gr",
    "published": 1,
    "is_featured": 0,
    "visibility": "visible",
    "short_description": "14,98€/kg",
    "description": "14,98€/kg",
    "regular_price": 7.49,
    "sale_price": "",
    "categories": "Barbecue",
    "images": "https://boucheri.vds131.tmp-access.net/wp-content/uploads/2026/01/salade-de-pate-toscane-500gr.jpg",
    "stock_status": "instock",
    "manage_stock": 0,
    "tax_class": "",
    "weight": null,
    "tags": ""
  },
  {
    "sku": "salade-de-pommes-de-terre-500gr",
    "name": "salade de pommes de terre +/-500gr",
    "published": 1,
    "is_featured": 0,
    "visibility": "visible",
    "short_description": "12,98€/kg",
    "description": "12,98€/kg",
    "regular_price": 6.49,
    "sale_price": "",
    "categories": "Barbecue",
    "images": "https://boucheri.vds131.tmp-access.net/wp-content/uploads/2026/01/salade-de-pommes-de-terre-500gr.jpg",
    "stock_status": "instock",
    "manage_stock": 0,
    "tax_class": "",
    "weight": null,
    "tags": ""
  },
  {
    "sku": "steak-marine-200gr",
    "name": "steak mariné +/-200gr",
    "published": 1,
    "is_featured": 0,
    "visibility": "visible",
    "short_description": "1pc de 200gr - 25,98€/kg",
    "description": "1pc de 200gr - 25,98€/kg",
    "regular_price": 5.19,
    "sale_price": "",
    "categories": "Barbecue",
    "images": "https://boucheri.vds131.tmp-access.net/wp-content/uploads/2026/01/steak-marine-200gr.jpg",
    "stock_status": "instock",
    "manage_stock": 0,
    "tax_class": "",
    "weight": null,
    "tags": ""
  },
  {
    "sku": "salade-fitness-200gr",
    "name": "salade fitness +/- 200gr",
    "published": 1,
    "is_featured": 0,
    "visibility": "visible",
    "short_description": "14.98€/kg",
    "description": "14.98€/kg",
    "regular_price": 2.99,
    "sale_price": "",
    "categories": "Barbecue",
    "images": "https://boucheri.vds131.tmp-access.net/wp-content/uploads/2026/01/salade-fitness-200gr.jpg",
    "stock_status": "instock",
    "manage_stock": 0,
    "tax_class": "",
    "weight": null,
    "tags": ""
  },
  {
    "sku": "braisade-de-filet-pur-porc-ail-des-ours",
    "name": "Braisade de filet pur porc ail des ours",
    "published": 1,
    "is_featured": 0,
    "visibility": "visible",
    "short_description": "1pc 100gr   22.98€/kg",
    "description": "1pc 100gr   22.98€/kg",
    "regular_price": 2.29,
    "sale_price": "",
    "categories": "Barbecue",
    "images": "https://boucheri.vds131.tmp-access.net/wp-content/uploads/2026/01/braisade-de-filet-pur-porc-ail-des-ours.jpg",
    "stock_status": "instock",
    "manage_stock": 0,
    "tax_class": "",
    "weight": null,
    "tags": ""
  },
  {
    "sku": "aiguillette-de-poulet",
    "name": "Aiguillette de poulet",
    "published": 1,
    "is_featured": 0,
    "visibility": "visible",
    "short_description": "1pc 100gr 22.98€/kg",
    "description": "1pc 100gr 22.98€/kg",
    "regular_price": 2.29,
    "sale_price": "",
    "categories": "Barbecue",
    "images": "https://boucheri.vds131.tmp-access.net/wp-content/uploads/2026/01/aiguillette-de-poulet.jpg",
    "stock_status": "instock",
    "manage_stock": 0,
    "tax_class": "",
    "weight": null,
    "tags": ""
  },
  {
    "sku": "braisade-de-filet-dagneau",
    "name": "Braisade de Filet d'agneau",
    "published": 1,
    "is_featured": 0,
    "visibility": "visible",
    "short_description": "1pc 100gr  39.98€/kg",
    "description": "1pc 100gr  39.98€/kg",
    "regular_price": 3.99,
    "sale_price": "",
    "categories": "Barbecue",
    "images": "https://boucheri.vds131.tmp-access.net/wp-content/uploads/2026/01/braisade-de-filet-dagneau.jpg",
    "stock_status": "instock",
    "manage_stock": 0,
    "tax_class": "",
    "weight": null,
    "tags": ""
  },
  {
    "sku": "braisade-de-boeuf",
    "name": "Braisade de Boeuf",
    "published": 1,
    "is_featured": 0,
    "visibility": "visible",
    "short_description": "1pc 100gr  26.98€/kg",
    "description": "1pc 100gr  26.98€/kg",
    "regular_price": 2.69,
    "sale_price": "",
    "categories": "Barbecue",
    "images": "https://boucheri.vds131.tmp-access.net/wp-content/uploads/2026/01/braisade-de-boeuf.jpg",
    "stock_status": "instock",
    "manage_stock": 0,
    "tax_class": "",
    "weight": null,
    "tags": ""
  },
  {
    "sku": "aloyau-200gr",
    "name": "Aloyau 200gr",
    "published": 1,
    "is_featured": 0,
    "visibility": "visible",
    "short_description": "1 steaks 200gr - 27,98€/kg",
    "description": "1 steaks 200gr - 27,98€/kg",
    "regular_price": 5.59,
    "sale_price": "",
    "categories": "Bœuf",
    "images": "https://boucheri.vds131.tmp-access.net/wp-content/uploads/2026/01/aloyau-200gr.jpg",
    "stock_status": "instock",
    "manage_stock": 0,
    "tax_class": "",
    "weight": null,
    "tags": ""
  },
  {
    "sku": "filet-pur-200gr",
    "name": "Filet pur +/-200gr",
    "published": 1,
    "is_featured": 0,
    "visibility": "visible",
    "short_description": "1 steak 200gr - 42,90€/kg",
    "description": "1 steak 200gr - 42,90€/kg",
    "regular_price": 8.58,
    "sale_price": "",
    "categories": "Bœuf",
    "images": "https://boucheri.vds131.tmp-access.net/wp-content/uploads/2026/01/filet-pur-200gr.jpg",
    "stock_status": "instock",
    "manage_stock": 0,
    "tax_class": "",
    "weight": null,
    "tags": ""
  },
  {
    "sku": "americain-nature-500gr",
    "name": "Américain nature +/-500gr",
    "published": 1,
    "is_featured": 0,
    "visibility": "visible",
    "short_description": "15,90€/kg",
    "description": "15,90€/kg",
    "regular_price": 7.95,
    "sale_price": "",
    "categories": "Bœuf",
    "images": "https://boucheri.vds131.tmp-access.net/wp-content/uploads/2026/01/americain-nature-500gr.jpg",
    "stock_status": "instock",
    "manage_stock": 0,
    "tax_class": "",
    "weight": null,
    "tags": ""
  },
  {
    "sku": "americain-prepare-250gr",
    "name": "Américain préparé +/-250gr",
    "published": 1,
    "is_featured": 0,
    "visibility": "visible",
    "short_description": "16,90€/kg",
    "description": "16,90€/kg",
    "regular_price": 4.22,
    "sale_price": "",
    "categories": "Bœuf",
    "images": "https://boucheri.vds131.tmp-access.net/wp-content/uploads/2026/01/americain-prepare-250gr.jpg",
    "stock_status": "instock",
    "manage_stock": 0,
    "tax_class": "",
    "weight": null,
    "tags": ""
  },
  {
    "sku": "bouilli-jarret-500gr",
    "name": "Bouilli Jarret +/-500gr",
    "published": 1,
    "is_featured": 0,
    "visibility": "visible",
    "short_description": "14,48€/kg",
    "description": "14,48€/kg",
    "regular_price": 7.24,
    "sale_price": "",
    "categories": "Bœuf",
    "images": "https://boucheri.vds131.tmp-access.net/wp-content/uploads/2026/01/bouilli-jarret-500gr.jpg",
    "stock_status": "instock",
    "manage_stock": 0,
    "tax_class": "",
    "weight": null,
    "tags": ""
  },
  {
    "sku": "carbonnade-de-boeuf-500gr",
    "name": "Carbonnade de Bœuf +/-500gr",
    "published": 1,
    "is_featured": 0,
    "visibility": "visible",
    "short_description": "17,98€/kg",
    "description": "17,98€/kg",
    "regular_price": 8.99,
    "sale_price": "",
    "categories": "Bœuf",
    "images": "https://boucheri.vds131.tmp-access.net/wp-content/uploads/2026/01/carbonnade-de-boeuf-500gr.jpg",
    "stock_status": "instock",
    "manage_stock": 0,
    "tax_class": "",
    "weight": null,
    "tags": ""
  },
  {
    "sku": "carpaccio-de-boeuf-100gr",
    "name": "Carpaccio de Bœuf +/-100gr",
    "published": 1,
    "is_featured": 0,
    "visibility": "visible",
    "short_description": "29,98€/kg",
    "description": "29,98€/kg",
    "regular_price": 2.98,
    "sale_price": "",
    "categories": "Bœuf",
    "images": "https://boucheri.vds131.tmp-access.net/wp-content/uploads/2026/01/carpaccio-de-boeuf-100gr.jpg",
    "stock_status": "instock",
    "manage_stock": 0,
    "tax_class": "",
    "weight": null,
    "tags": ""
  },
  {
    "sku": "cote-a-los-800gr",
    "name": "Côte à l'os +/-800gr",
    "published": 1,
    "is_featured": 0,
    "visibility": "visible",
    "short_description": "25,98€/kg",
    "description": "25,98€/kg",
    "regular_price": 20.78,
    "sale_price": "",
    "categories": "Bœuf",
    "images": "https://boucheri.vds131.tmp-access.net/wp-content/uploads/2026/01/cote-a-los-800gr.jpg",
    "stock_status": "instock",
    "manage_stock": 0,
    "tax_class": "",
    "weight": null,
    "tags": ""
  },
  {
    "sku": "entrecote-6-cotes-400gr",
    "name": "Entrecôte 6 côtes +/-400gr",
    "published": 1,
    "is_featured": 0,
    "visibility": "visible",
    "short_description": "21,48€/kg",
    "description": "21,48€/kg",
    "regular_price": 8.59,
    "sale_price": "",
    "categories": "Bœuf",
    "images": "https://boucheri.vds131.tmp-access.net/wp-content/uploads/2026/01/entrecote-6-cotes-400gr.jpg",
    "stock_status": "instock",
    "manage_stock": 0,
    "tax_class": "",
    "weight": null,
    "tags": ""
  },
  {
    "sku": "pave-de-boeuf-300gr",
    "name": "Pavé de bœuf +/-300gr",
    "published": 1,
    "is_featured": 0,
    "visibility": "visible",
    "short_description": "25,98€/kg",
    "description": "25,98€/kg",
    "regular_price": 7.79,
    "sale_price": "",
    "categories": "Bœuf",
    "images": "https://boucheri.vds131.tmp-access.net/wp-content/uploads/2026/01/pave-de-boeuf-300gr.jpg",
    "stock_status": "instock",
    "manage_stock": 0,
    "tax_class": "",
    "weight": null,
    "tags": ""
  },
  {
    "sku": "plat-filet-petit-nerf-500gr",
    "name": "Plat filet ( petit nerf) +/-500gr",
    "published": 1,
    "is_featured": 0,
    "visibility": "visible",
    "short_description": "20,98€/kg",
    "description": "20,98€/kg",
    "regular_price": 10.49,
    "sale_price": "",
    "categories": "Bœuf",
    "images": "https://boucheri.vds131.tmp-access.net/wp-content/uploads/2026/01/plat-filet-petit-nerf-500gr.jpg",
    "stock_status": "instock",
    "manage_stock": 0,
    "tax_class": "",
    "weight": null,
    "tags": ""
  },
  {
    "sku": "rosbeef-800gr",
    "name": "Rosbeef +/-800gr",
    "published": 1,
    "is_featured": 0,
    "visibility": "visible",
    "short_description": "25,98€/kg",
    "description": "25,98€/kg",
    "regular_price": 20.78,
    "sale_price": "",
    "categories": "Bœuf",
    "images": "https://boucheri.vds131.tmp-access.net/wp-content/uploads/2026/01/rosbeef-800gr.jpg",
    "stock_status": "instock",
    "manage_stock": 0,
    "tax_class": "",
    "weight": null,
    "tags": ""
  },
  {
    "sku": "rumsteak-200gr",
    "name": "Rumsteak +/-200gr",
    "published": 1,
    "is_featured": 0,
    "visibility": "visible",
    "short_description": "1 steaks 200gr - 24,98€/kg",
    "description": "1 steaks 200gr - 24,98€/kg",
    "regular_price": 4.99,
    "sale_price": "",
    "categories": "Bœuf",
    "images": "https://boucheri.vds131.tmp-access.net/wp-content/uploads/2026/01/rumsteak-200gr.jpg",
    "stock_status": "instock",
    "manage_stock": 0,
    "tax_class": "",
    "weight": null,
    "tags": ""
  },
  {
    "sku": "roti-casserole-1kg",
    "name": "Rôti casserole +/-1kg",
    "published": 1,
    "is_featured": 0,
    "visibility": "visible",
    "short_description": "21,98€/kg",
    "description": "21,98€/kg",
    "regular_price": 17.58,
    "sale_price": "",
    "categories": "Bœuf",
    "images": "https://boucheri.vds131.tmp-access.net/wp-content/uploads/2026/01/roti-casserole-1kg.jpg",
    "stock_status": "instock",
    "manage_stock": 0,
    "tax_class": "",
    "weight": null,
    "tags": ""
  },
  {
    "sku": "steak-hache-de-boeuf-150gr",
    "name": "Steak haché de bœuf +/- 150gr",
    "published": 1,
    "is_featured": 0,
    "visibility": "visible",
    "short_description": "1pc de 150gr - 16.98€/kg",
    "description": "1pc de 150gr - 16.98€/kg",
    "regular_price": 2.54,
    "sale_price": "",
    "categories": "Bœuf",
    "images": "https://boucheri.vds131.tmp-access.net/wp-content/uploads/2026/01/steak-hache-de-boeuf-150gr.jpg",
    "stock_status": "instock",
    "manage_stock": 0,
    "tax_class": "",
    "weight": null,
    "tags": ""
  },
  {
    "sku": "steak-pele-2-200gr",
    "name": "Steak pelé 2 +/-200gr",
    "published": 1,
    "is_featured": 0,
    "visibility": "visible",
    "short_description": "1 steaks 200gr - 21,98€/kg",
    "description": "1 steaks 200gr - 21,98€/kg",
    "regular_price": 4.39,
    "sale_price": "",
    "categories": "Bœuf",
    "images": "https://boucheri.vds131.tmp-access.net/wp-content/uploads/2026/01/steak-pele-2-200gr.jpg",
    "stock_status": "instock",
    "manage_stock": 0,
    "tax_class": "",
    "weight": null,
    "tags": ""
  },
  {
    "sku": "steak-pele-1er-choix-200gr",
    "name": "Steak pelé 1er choix 200gr",
    "published": 1,
    "is_featured": 0,
    "visibility": "visible",
    "short_description": "1 steaks 200gr - 23,98€/kg",
    "description": "1 steaks 200gr - 23,98€/kg",
    "regular_price": 4.79,
    "sale_price": "",
    "categories": "Bœuf",
    "images": "https://boucheri.vds131.tmp-access.net/wp-content/uploads/2026/01/steak-pele-1er-choix-200gr.jpg",
    "stock_status": "instock",
    "manage_stock": 0,
    "tax_class": "",
    "weight": null,
    "tags": ""
  },
  {
    "sku": "steak-marine-200gr",
    "name": "Steak mariné +/-200gr",
    "published": 1,
    "is_featured": 0,
    "visibility": "visible",
    "short_description": "1 steaks 200gr - 25,98€/kg",
    "description": "1 steaks 200gr - 25,98€/kg",
    "regular_price": 5.19,
    "sale_price": "",
    "categories": "Bœuf",
    "images": "https://boucheri.vds131.tmp-access.net/wp-content/uploads/2026/01/steak-marine-200gr.jpg",
    "stock_status": "instock",
    "manage_stock": 0,
    "tax_class": "",
    "weight": null,
    "tags": ""
  },
  {
    "sku": "brochette-de-boeuf-150gr",
    "name": "Brochette de bœuf +/-150gr",
    "published": 1,
    "is_featured": 0,
    "visibility": "visible",
    "short_description": "1 brochettes 150gr - 22,95€/kg",
    "description": "1 brochettes 150gr - 22,95€/kg",
    "regular_price": 3.44,
    "sale_price": "",
    "categories": "Bœuf",
    "images": "https://boucheri.vds131.tmp-access.net/wp-content/uploads/2026/01/brochette-de-boeuf-150gr.jpg",
    "stock_status": "instock",
    "manage_stock": 0,
    "tax_class": "",
    "weight": null,
    "tags": ""
  },
  {
    "sku": "escalope-de-boeuf-pane-150gr",
    "name": "Escalope de Bœuf pané +/-150gr",
    "published": 1,
    "is_featured": 0,
    "visibility": "visible",
    "short_description": "1 pc de 150gr - 23,98€/kg",
    "description": "1 pc de 150gr - 23,98€/kg",
    "regular_price": 3.59,
    "sale_price": "",
    "categories": "Bœuf",
    "images": "https://boucheri.vds131.tmp-access.net/wp-content/uploads/2026/01/escalope-de-boeuf-pane-150gr.jpg",
    "stock_status": "instock",
    "manage_stock": 0,
    "tax_class": "",
    "weight": null,
    "tags": ""
  },
  {
    "sku": "contre-filet-400gr",
    "name": "Contre filet +/-400gr",
    "published": 1,
    "is_featured": 0,
    "visibility": "visible",
    "short_description": "26,98€/kg",
    "description": "26,98€/kg",
    "regular_price": 10.79,
    "sale_price": "",
    "categories": "Bœuf",
    "images": "https://boucheri.vds131.tmp-access.net/wp-content/uploads/2026/01/contre-filet-400gr.jpg",
    "stock_status": "instock",
    "manage_stock": 0,
    "tax_class": "",
    "weight": null,
    "tags": ""
  },
  {
    "sku": "brochette-de-porc-150gr",
    "name": "Brochette de porc +/-150gr",
    "published": 1,
    "is_featured": 0,
    "visibility": "visible",
    "short_description": "1 pc de 150gr - 16,95€/kg",
    "description": "1 pc de 150gr - 16,95€/kg",
    "regular_price": 2.54,
    "sale_price": "",
    "categories": "Porc",
    "images": "https://boucheri.vds131.tmp-access.net/wp-content/uploads/2026/01/brochette-de-porc-150gr.jpg",
    "stock_status": "instock",
    "manage_stock": 0,
    "tax_class": "",
    "weight": null,
    "tags": ""
  },
  {
    "sku": "carbonnade-de-porc-500gr",
    "name": "Carbonnade de porc +/-500gr",
    "published": 1,
    "is_featured": 0,
    "visibility": "visible",
    "short_description": "13,98€/kg",
    "description": "13,98€/kg",
    "regular_price": 6.96,
    "sale_price": "",
    "categories": "Porc",
    "images": "https://boucheri.vds131.tmp-access.net/wp-content/uploads/2026/01/carbonnade-de-porc-500gr.jpg",
    "stock_status": "instock",
    "manage_stock": 0,
    "tax_class": "",
    "weight": null,
    "tags": ""
  },
  {
    "sku": "cote-au-spirling-200gr",
    "name": "Côte au spirling +/-200gr",
    "published": 1,
    "is_featured": 0,
    "visibility": "visible",
    "short_description": "1 pc de 200gr - 10,48€/kg",
    "description": "1 pc de 200gr - 10,48€/kg",
    "regular_price": 2.09,
    "sale_price": "",
    "categories": "Porc",
    "images": "https://boucheri.vds131.tmp-access.net/wp-content/uploads/2026/01/cote-au-spirling-200gr.jpg",
    "stock_status": "instock",
    "manage_stock": 0,
    "tax_class": "",
    "weight": null,
    "tags": ""
  },
  {
    "sku": "couronne-de-porc-200gr",
    "name": "couronne de porc +/-200gr",
    "published": 1,
    "is_featured": 0,
    "visibility": "visible",
    "short_description": "1 pc de 250gr - 19,98€/kg",
    "description": "1 pc de 250gr - 19,98€/kg",
    "regular_price": 4.99,
    "sale_price": "",
    "categories": "Porc",
    "images": "https://boucheri.vds131.tmp-access.net/wp-content/uploads/2026/01/couronne-de-porc-200gr.jpg",
    "stock_status": "instock",
    "manage_stock": 0,
    "tax_class": "",
    "weight": null,
    "tags": ""
  },
  {
    "sku": "filet-pur-porc-500gr",
    "name": "Filet pur porc +/-500gr",
    "published": 1,
    "is_featured": 0,
    "visibility": "visible",
    "short_description": "22,98€/kg",
    "description": "22,98€/kg",
    "regular_price": 11.49,
    "sale_price": "",
    "categories": "Porc",
    "images": "https://boucheri.vds131.tmp-access.net/wp-content/uploads/2026/01/filet-pur-porc-500gr.jpg",
    "stock_status": "instock",
    "manage_stock": 0,
    "tax_class": "",
    "weight": null,
    "tags": ""
  },
  {
    "sku": "gyros-500gr",
    "name": "Gyros +/-500gr",
    "published": 1,
    "is_featured": 0,
    "visibility": "visible",
    "short_description": "16,98€/kg",
    "description": "16,98€/kg",
    "regular_price": 8.49,
    "sale_price": "",
    "categories": "Porc",
    "images": "https://boucheri.vds131.tmp-access.net/wp-content/uploads/2026/01/gyros-500gr.jpg",
    "stock_status": "instock",
    "manage_stock": 0,
    "tax_class": "",
    "weight": null,
    "tags": ""
  },
  {
    "sku": "lard-fume-100gr",
    "name": "Lard fumé +/-100gr",
    "published": 1,
    "is_featured": 0,
    "visibility": "visible",
    "short_description": "1 tr - 16,98€/kg",
    "description": "1 tr - 16,98€/kg",
    "regular_price": 1.69,
    "sale_price": "",
    "categories": "Porc",
    "images": "https://boucheri.vds131.tmp-access.net/wp-content/uploads/2026/01/lard-fume-100gr.jpg",
    "stock_status": "instock",
    "manage_stock": 0,
    "tax_class": "",
    "weight": null,
    "tags": ""
  },
  {
    "sku": "lard-entrelarde-100gr",
    "name": "Lard entrelardé +/-100gr",
    "published": 1,
    "is_featured": 0,
    "visibility": "visible",
    "short_description": "1 tr - 16,98€/kg",
    "description": "1 tr - 16,98€/kg",
    "regular_price": 1.69,
    "sale_price": "",
    "categories": "Porc",
    "images": "https://boucheri.vds131.tmp-access.net/wp-content/uploads/2026/01/lard-entrelarde-100gr.jpg",
    "stock_status": "instock",
    "manage_stock": 0,
    "tax_class": "",
    "weight": null,
    "tags": ""
  },
  {
    "sku": "roti-au-carre-super-doux-800gr",
    "name": "Rôti au carré super doux +/-800gr",
    "published": 1,
    "is_featured": 0,
    "visibility": "visible",
    "short_description": "16,98€/kg",
    "description": "16,98€/kg",
    "regular_price": 13.58,
    "sale_price": "",
    "categories": "Porc",
    "images": "https://boucheri.vds131.tmp-access.net/wp-content/uploads/2026/01/roti-au-carre-super-doux-800gr.jpg",
    "stock_status": "instock",
    "manage_stock": 0,
    "tax_class": "",
    "weight": null,
    "tags": ""
  },
  {
    "sku": "saute-de-porc-150gr",
    "name": "Sauté de porc +/-150gr",
    "published": 1,
    "is_featured": 0,
    "visibility": "visible",
    "short_description": "1 pc de 150gr - 16.98€/kg",
    "description": "1 pc de 150gr - 16.98€/kg",
    "regular_price": 2.54,
    "sale_price": "",
    "categories": "Porc",
    "images": "https://boucheri.vds131.tmp-access.net/wp-content/uploads/2026/01/saute-de-porc-150gr.jpg",
    "stock_status": "instock",
    "manage_stock": 0,
    "tax_class": "",
    "weight": null,
    "tags": ""
  },
  {
    "sku": "saute-de-porc-pane-150gr",
    "name": "Sauté de porc pané +/-150gr",
    "published": 1,
    "is_featured": 0,
    "visibility": "visible",
    "short_description": "1 pc de 150gr - 16,98€/kg",
    "description": "1 pc de 150gr - 16,98€/kg",
    "regular_price": 2.54,
    "sale_price": "",
    "categories": "Porc",
    "images": "https://boucheri.vds131.tmp-access.net/wp-content/uploads/2026/01/saute-de-porc-pane-150gr.jpg",
    "stock_status": "instock",
    "manage_stock": 0,
    "tax_class": "",
    "weight": null,
    "tags": ""
  },
  {
    "sku": "blanquette-de-veau-500gr",
    "name": "Blanquette de Veau +/-500gr",
    "published": 1,
    "is_featured": 0,
    "visibility": "visible",
    "short_description": "22,98€/kg",
    "description": "22,98€/kg",
    "regular_price": 11.49,
    "sale_price": "",
    "categories": "Veau",
    "images": "https://boucheri.vds131.tmp-access.net/wp-content/uploads/2026/01/blanquette-de-veau-500gr.jpg",
    "stock_status": "instock",
    "manage_stock": 0,
    "tax_class": "",
    "weight": null,
    "tags": ""
  },
  {
    "sku": "blanquette-de-veaua-los-500gr",
    "name": "Blanquette de Veauà l'os +/-500gr",
    "published": 1,
    "is_featured": 0,
    "visibility": "visible",
    "short_description": "18/,98€/kg",
    "description": "18/,98€/kg",
    "regular_price": 9.49,
    "sale_price": "",
    "categories": "Veau",
    "images": "https://boucheri.vds131.tmp-access.net/wp-content/uploads/2026/01/blanquette-de-veaua-los-500gr.jpg",
    "stock_status": "instock",
    "manage_stock": 0,
    "tax_class": "",
    "weight": null,
    "tags": ""
  },
  {
    "sku": "boulette-de-veau-125gr",
    "name": "Boulette de veau +/-125gr",
    "published": 1,
    "is_featured": 0,
    "visibility": "visible",
    "short_description": "1pc de 125gr - 16,98€/kg",
    "description": "1pc de 125gr - 16,98€/kg",
    "regular_price": 2.12,
    "sale_price": "",
    "categories": "Veau",
    "images": "https://boucheri.vds131.tmp-access.net/wp-content/uploads/2026/01/boulette-de-veau-125gr.jpg",
    "stock_status": "instock",
    "manage_stock": 0,
    "tax_class": "",
    "weight": null,
    "tags": ""
  },
  {
    "sku": "contrefilet-de-veau-250gr",
    "name": "Contrefilet de veau +/-250gr",
    "published": 1,
    "is_featured": 0,
    "visibility": "visible",
    "short_description": "27,98€/kg",
    "description": "27,98€/kg",
    "regular_price": 6.99,
    "sale_price": "",
    "categories": "Veau",
    "images": "https://boucheri.vds131.tmp-access.net/wp-content/uploads/2026/01/contrefilet-de-veau-250gr.jpg",
    "stock_status": "instock",
    "manage_stock": 0,
    "tax_class": "",
    "weight": null,
    "tags": ""
  },
  {
    "sku": "cote-de-veau-500gr",
    "name": "Côte de veau +/-500gr",
    "published": 1,
    "is_featured": 0,
    "visibility": "visible",
    "short_description": "25,98€/kg",
    "description": "25,98€/kg",
    "regular_price": 12.99,
    "sale_price": "",
    "categories": "Veau",
    "images": "https://boucheri.vds131.tmp-access.net/wp-content/uploads/2026/01/cote-de-veau-500gr.jpg",
    "stock_status": "instock",
    "manage_stock": 0,
    "tax_class": "",
    "weight": null,
    "tags": ""
  },
  {
    "sku": "filet-pur-de-veau-250gr",
    "name": "Filet pur de veau +/-250gr",
    "published": 1,
    "is_featured": 0,
    "visibility": "visible",
    "short_description": "42,90€/kg",
    "description": "42,90€/kg",
    "regular_price": 10.72,
    "sale_price": "",
    "categories": "Veau",
    "images": "https://boucheri.vds131.tmp-access.net/wp-content/uploads/2026/01/filet-pur-de-veau-250gr.jpg",
    "stock_status": "instock",
    "manage_stock": 0,
    "tax_class": "",
    "weight": null,
    "tags": ""
  },
  {
    "sku": "foie-de-veau-250gr",
    "name": "foie de veau +/-250gr",
    "published": 1,
    "is_featured": 0,
    "visibility": "visible",
    "short_description": "21,98€/kg",
    "description": "21,98€/kg",
    "regular_price": 5.49,
    "sale_price": "",
    "categories": "Veau",
    "images": "https://boucheri.vds131.tmp-access.net/wp-content/uploads/2026/01/foie-de-veau-250gr.jpg",
    "stock_status": "instock",
    "manage_stock": 0,
    "tax_class": "",
    "weight": null,
    "tags": ""
  },
  {
    "sku": "osso-bucco-jarret-de-veau-350gr",
    "name": "Osso bucco/Jarret de veau +/-350gr",
    "published": 1,
    "is_featured": 0,
    "visibility": "visible",
    "short_description": "22,98€/kg",
    "description": "22,98€/kg",
    "regular_price": 8.04,
    "sale_price": "",
    "categories": "Veau",
    "images": "https://boucheri.vds131.tmp-access.net/wp-content/uploads/2026/01/osso-bucco-jarret-de-veau-350gr.jpg",
    "stock_status": "instock",
    "manage_stock": 0,
    "tax_class": "",
    "weight": null,
    "tags": ""
  },
  {
    "sku": "paupiette-de-veau-150gr",
    "name": "Paupiette de veau +/-150gr",
    "published": 1,
    "is_featured": 0,
    "visibility": "visible",
    "short_description": "1pc de 125gr - 24,90€/kg",
    "description": "1pc de 125gr - 24,90€/kg",
    "regular_price": 3.73,
    "sale_price": "",
    "categories": "Veau",
    "images": "https://boucheri.vds131.tmp-access.net/wp-content/uploads/2026/01/paupiette-de-veau-150gr.jpg",
    "stock_status": "instock",
    "manage_stock": 0,
    "tax_class": "",
    "weight": null,
    "tags": ""
  },
  {
    "sku": "roti-de-veau-au-four-800gr",
    "name": "Rôti de veau au four +/-800gr",
    "published": 1,
    "is_featured": 0,
    "visibility": "visible",
    "short_description": "29,90€/kg",
    "description": "29,90€/kg",
    "regular_price": 23.92,
    "sale_price": "",
    "categories": "Veau",
    "images": "https://boucheri.vds131.tmp-access.net/wp-content/uploads/2026/01/roti-de-veau-au-four-800gr.jpg",
    "stock_status": "instock",
    "manage_stock": 0,
    "tax_class": "",
    "weight": null,
    "tags": ""
  },
  {
    "sku": "saute-de-veau-150gr",
    "name": "Sauté de veau +/-150gr",
    "published": 1,
    "is_featured": 0,
    "visibility": "visible",
    "short_description": "1 pc de 150gr - 29,90€/kg",
    "description": "1 pc de 150gr - 29,90€/kg",
    "regular_price": 4.48,
    "sale_price": "",
    "categories": "Veau",
    "images": "https://boucheri.vds131.tmp-access.net/wp-content/uploads/2026/01/saute-de-veau-150gr.jpg",
    "stock_status": "instock",
    "manage_stock": 0,
    "tax_class": "",
    "weight": null,
    "tags": ""
  },
  {
    "sku": "steak-hache-de-veau-150gr",
    "name": "Steak haché de veau +/-150gr",
    "published": 1,
    "is_featured": 0,
    "visibility": "visible",
    "short_description": "1 pc de 150gr - 16,98€/kg",
    "description": "1 pc de 150gr - 16,98€/kg",
    "regular_price": 2.54,
    "sale_price": "",
    "categories": "Veau",
    "images": "https://boucheri.vds131.tmp-access.net/wp-content/uploads/2026/01/steak-hache-de-veau-150gr.jpg",
    "stock_status": "instock",
    "manage_stock": 0,
    "tax_class": "",
    "weight": null,
    "tags": ""
  },
  {
    "sku": "basse-cote-dagneau-150gr",
    "name": "Basse côte d'agneau +/-150gr",
    "published": 1,
    "is_featured": 0,
    "visibility": "visible",
    "short_description": "1pc de 150gr - 22,98€/kg",
    "description": "1pc de 150gr - 22,98€/kg",
    "regular_price": 3.44,
    "sale_price": "",
    "categories": "Agneau",
    "images": "https://boucheri.vds131.tmp-access.net/wp-content/uploads/2026/01/basse-cote-dagneau-150gr.jpg",
    "stock_status": "instock",
    "manage_stock": 0,
    "tax_class": "",
    "weight": null,
    "tags": ""
  },
  {
    "sku": "cote-dagneau-125gr",
    "name": "Côte d'agneau +/-125gr",
    "published": 1,
    "is_featured": 0,
    "visibility": "visible",
    "short_description": "1 pc de 125gr - 29,98€/kg",
    "description": "1 pc de 125gr - 29,98€/kg",
    "regular_price": 3.74,
    "sale_price": "",
    "categories": "Agneau",
    "images": "https://boucheri.vds131.tmp-access.net/wp-content/uploads/2026/01/cote-dagneau-125gr.jpg",
    "stock_status": "instock",
    "manage_stock": 0,
    "tax_class": "",
    "weight": null,
    "tags": ""
  },
  {
    "sku": "epaule-dagneau-600gr",
    "name": "Epaule d'agneau +/-600gr",
    "published": 1,
    "is_featured": 0,
    "visibility": "visible",
    "short_description": "21,98€/kg",
    "description": "21,98€/kg",
    "regular_price": 13.18,
    "sale_price": "",
    "categories": "Agneau",
    "images": "https://boucheri.vds131.tmp-access.net/wp-content/uploads/2026/01/epaule-dagneau-600gr.jpg",
    "stock_status": "instock",
    "manage_stock": 0,
    "tax_class": "",
    "weight": null,
    "tags": ""
  },
  {
    "sku": "epigramme-dagneau-125gr",
    "name": "Epigramme d'agneau +/-125gr",
    "published": 1,
    "is_featured": 0,
    "visibility": "visible",
    "short_description": "1 pc de 125gr - 16,98€/kg",
    "description": "1 pc de 125gr - 16,98€/kg",
    "regular_price": 2.12,
    "sale_price": "",
    "categories": "Agneau",
    "images": "https://boucheri.vds131.tmp-access.net/wp-content/uploads/2026/01/epigramme-dagneau-125gr.jpg",
    "stock_status": "instock",
    "manage_stock": 0,
    "tax_class": "",
    "weight": null,
    "tags": ""
  },
  {
    "sku": "filet-dagneau-250gr",
    "name": "Filet d'agneau +/-250gr",
    "published": 1,
    "is_featured": 0,
    "visibility": "visible",
    "short_description": "41,98€/kg",
    "description": "41,98€/kg",
    "regular_price": 10.49,
    "sale_price": "",
    "categories": "Agneau",
    "images": "https://boucheri.vds131.tmp-access.net/wp-content/uploads/2026/01/filet-dagneau-250gr.jpg",
    "stock_status": "instock",
    "manage_stock": 0,
    "tax_class": "",
    "weight": null,
    "tags": ""
  },
  {
    "sku": "gigot-500gr",
    "name": "Gigot +/-500gr",
    "published": 1,
    "is_featured": 0,
    "visibility": "visible",
    "short_description": "26,98€/kg",
    "description": "26,98€/kg",
    "regular_price": 13.49,
    "sale_price": "",
    "categories": "Agneau",
    "images": "https://boucheri.vds131.tmp-access.net/wp-content/uploads/2026/01/gigot-500gr.jpg",
    "stock_status": "instock",
    "manage_stock": 0,
    "tax_class": "",
    "weight": null,
    "tags": ""
  },
  {
    "sku": "tranche-de-gigot-250gr",
    "name": "Tranche de gigot +/-250gr",
    "published": 1,
    "is_featured": 0,
    "visibility": "visible",
    "short_description": "26,98€/kg",
    "description": "26,98€/kg",
    "regular_price": 6.74,
    "sale_price": "",
    "categories": "Agneau",
    "images": "https://boucheri.vds131.tmp-access.net/wp-content/uploads/2026/01/tranche-de-gigot-250gr.jpg",
    "stock_status": "instock",
    "manage_stock": 0,
    "tax_class": "",
    "weight": null,
    "tags": ""
  },
  {
    "sku": "tranche-depaule-dagneau-250gr",
    "name": "Tranche d'épaule d'agneau +/-250gr",
    "published": 1,
    "is_featured": 0,
    "visibility": "visible",
    "short_description": "21,98€/kg",
    "description": "21,98€/kg",
    "regular_price": 5.49,
    "sale_price": "",
    "categories": "Agneau",
    "images": "https://boucheri.vds131.tmp-access.net/wp-content/uploads/2026/01/tranche-depaule-dagneau-250gr.jpg",
    "stock_status": "instock",
    "manage_stock": 0,
    "tax_class": "",
    "weight": null,
    "tags": ""
  },
  {
    "sku": "filet-de-dinde-150gr",
    "name": "filet de dinde +/-150gr",
    "published": 1,
    "is_featured": 0,
    "visibility": "visible",
    "short_description": "18.98€/kg",
    "description": "18.98€/kg",
    "regular_price": 2.84,
    "sale_price": "",
    "categories": "Volaille",
    "images": "https://boucheri.vds131.tmp-access.net/wp-content/uploads/2026/01/filet-de-dinde-150gr.jpg",
    "stock_status": "instock",
    "manage_stock": 0,
    "tax_class": "",
    "weight": null,
    "tags": ""
  },
  {
    "sku": "cuisse-de-lapin-400gr",
    "name": "Cuisse de lapin +/-400gr",
    "published": 1,
    "is_featured": 0,
    "visibility": "visible",
    "short_description": "22,98€/kg",
    "description": "22,98€/kg",
    "regular_price": 5.74,
    "sale_price": "",
    "categories": "Volaille",
    "images": "https://boucheri.vds131.tmp-access.net/wp-content/uploads/2026/01/cuisse-de-lapin-400gr.jpg",
    "stock_status": "instock",
    "manage_stock": 0,
    "tax_class": "",
    "weight": null,
    "tags": ""
  },
  {
    "sku": "filet-de-poulet-200gr",
    "name": "Filet de poulet +/-200gr",
    "published": 1,
    "is_featured": 0,
    "visibility": "visible",
    "short_description": "17,98€/kg",
    "description": "17,98€/kg",
    "regular_price": 3.59,
    "sale_price": "",
    "categories": "Volaille",
    "images": "https://boucheri.vds131.tmp-access.net/wp-content/uploads/2026/01/filet-de-poulet-200gr.jpg",
    "stock_status": "instock",
    "manage_stock": 0,
    "tax_class": "",
    "weight": null,
    "tags": ""
  },
  {
    "sku": "magret-de-canard-400gr",
    "name": "Magret de canard +/-400gr",
    "published": 1,
    "is_featured": 0,
    "visibility": "visible",
    "short_description": "32,90€/kg",
    "description": "32,90€/kg",
    "regular_price": 13.16,
    "sale_price": "",
    "categories": "Volaille",
    "images": "https://boucheri.vds131.tmp-access.net/wp-content/uploads/2026/01/magret-de-canard-400gr.jpg",
    "stock_status": "instock",
    "manage_stock": 0,
    "tax_class": "",
    "weight": null,
    "tags": ""
  },
  {
    "sku": "pilon-de-poulet-00gr",
    "name": "Pilon de poulet +/-00gr",
    "published": 1,
    "is_featured": 0,
    "visibility": "visible",
    "short_description": "1pc de 100gr - 10.98€/kg",
    "description": "1pc de 100gr - 10.98€/kg",
    "regular_price": 1.09,
    "sale_price": "",
    "categories": "Volaille",
    "images": "https://boucheri.vds131.tmp-access.net/wp-content/uploads/2026/01/pilon-de-poulet-00gr.jpg",
    "stock_status": "instock",
    "manage_stock": 0,
    "tax_class": "",
    "weight": null,
    "tags": ""
  },
  {
    "sku": "poulet-fermier-1kg",
    "name": "Poulet fermier +/-1kg",
    "published": 1,
    "is_featured": 0,
    "visibility": "visible",
    "short_description": "12,98€/kg",
    "description": "12,98€/kg",
    "regular_price": 12.98,
    "sale_price": "",
    "categories": "Volaille",
    "images": "https://boucheri.vds131.tmp-access.net/wp-content/uploads/2026/01/poulet-fermier-1kg.jpg",
    "stock_status": "instock",
    "manage_stock": 0,
    "tax_class": "",
    "weight": null,
    "tags": ""
  },
  {
    "sku": "roti-de-dinde-500gr",
    "name": "Rôti de dinde +/-500gr",
    "published": 1,
    "is_featured": 0,
    "visibility": "visible",
    "short_description": "18.98€/kg",
    "description": "18.98€/kg",
    "regular_price": 9.49,
    "sale_price": "",
    "categories": "Volaille",
    "images": "https://boucheri.vds131.tmp-access.net/wp-content/uploads/2026/01/roti-de-dinde-500gr.jpg",
    "stock_status": "instock",
    "manage_stock": 0,
    "tax_class": "",
    "weight": null,
    "tags": ""
  },
  {
    "sku": "cuisse-fermiere-400gr",
    "name": "Cuisse fermière +/-400gr",
    "published": 1,
    "is_featured": 0,
    "visibility": "visible",
    "short_description": "10,90€/kg",
    "description": "10,90€/kg",
    "regular_price": 4.36,
    "sale_price": "",
    "categories": "Volaille",
    "images": "https://boucheri.vds131.tmp-access.net/wp-content/uploads/2026/01/cuisse-fermiere-400gr.jpg",
    "stock_status": "instock",
    "manage_stock": 0,
    "tax_class": "",
    "weight": null,
    "tags": ""
  },
  {
    "sku": "filet-de-poulet-fermier-200gr",
    "name": "filet de poulet fermier +/-200gr",
    "published": 1,
    "is_featured": 0,
    "visibility": "visible",
    "short_description": "1pc 200gr - 22,98€/kg",
    "description": "1pc 200gr - 22,98€/kg",
    "regular_price": 4.59,
    "sale_price": "",
    "categories": "Volaille",
    "images": "https://boucheri.vds131.tmp-access.net/wp-content/uploads/2026/01/filet-de-poulet-fermier-200gr.jpg",
    "stock_status": "instock",
    "manage_stock": 0,
    "tax_class": "",
    "weight": null,
    "tags": ""
  },
  {
    "sku": "cuisse-de-poulet-rotie-300gr",
    "name": "cuisse de poulet rôtie +/-300gr",
    "published": 1,
    "is_featured": 0,
    "visibility": "visible",
    "short_description": "12.98€/kg",
    "description": "12.98€/kg",
    "regular_price": 3.89,
    "sale_price": "",
    "categories": "Volaille",
    "images": "https://boucheri.vds131.tmp-access.net/wp-content/uploads/2026/01/cuisse-de-poulet-rotie-300gr.jpg",
    "stock_status": "instock",
    "manage_stock": 0,
    "tax_class": "",
    "weight": null,
    "tags": ""
  },
  {
    "sku": "pilon-cuit-100gr",
    "name": "Pilon cuit +/-100gr",
    "published": 1,
    "is_featured": 0,
    "visibility": "visible",
    "short_description": "1 pc de 100gr 12.98€/kg",
    "description": "1 pc de 100gr 12.98€/kg",
    "regular_price": 1.29,
    "sale_price": "",
    "categories": "Volaille",
    "images": "https://boucheri.vds131.tmp-access.net/wp-content/uploads/2026/01/pilon-cuit-100gr.jpg",
    "stock_status": "instock",
    "manage_stock": 0,
    "tax_class": "",
    "weight": null,
    "tags": ""
  },
  {
    "sku": "poulet-roti-fermier-1kg",
    "name": "poulet roti fermier +/-1kg",
    "published": 1,
    "is_featured": 0,
    "visibility": "visible",
    "short_description": "12,98€/kg",
    "description": "12,98€/kg",
    "regular_price": 12.98,
    "sale_price": "",
    "categories": "Volaille",
    "images": "https://boucheri.vds131.tmp-access.net/wp-content/uploads/2026/01/poulet-roti-fermier-1kg.jpg",
    "stock_status": "instock",
    "manage_stock": 0,
    "tax_class": "",
    "weight": null,
    "tags": ""
  },
  {
    "sku": "bacon-100gr",
    "name": "Bacon +/-100gr",
    "published": 1,
    "is_featured": 0,
    "visibility": "visible",
    "short_description": "25,56€/kg",
    "description": "25,56€/kg",
    "regular_price": 2.55,
    "sale_price": "",
    "categories": "Charcuterie",
    "images": "https://boucheri.vds131.tmp-access.net/wp-content/uploads/2026/01/bacon-100gr.jpg",
    "stock_status": "instock",
    "manage_stock": 0,
    "tax_class": "",
    "weight": null,
    "tags": ""
  },
  {
    "sku": "boudin-blanc-150gr",
    "name": "boudin blanc  +/-150gr",
    "published": 1,
    "is_featured": 0,
    "visibility": "visible",
    "short_description": "17,98€/kg",
    "description": "17,98€/kg",
    "regular_price": 2.69,
    "sale_price": "",
    "categories": "Charcuterie",
    "images": "https://boucheri.vds131.tmp-access.net/wp-content/uploads/2026/01/boudin-blanc-150gr.jpg",
    "stock_status": "instock",
    "manage_stock": 0,
    "tax_class": "",
    "weight": null,
    "tags": ""
  },
  {
    "sku": "boudin-noir-100gr",
    "name": "boudin noir  +/-100gr",
    "published": 1,
    "is_featured": 0,
    "visibility": "visible",
    "short_description": "17,98€/kg",
    "description": "17,98€/kg",
    "regular_price": 1.79,
    "sale_price": "",
    "categories": "Charcuterie",
    "images": "https://boucheri.vds131.tmp-access.net/wp-content/uploads/2026/01/boudin-noir-100gr.jpg",
    "stock_status": "instock",
    "manage_stock": 0,
    "tax_class": "",
    "weight": null,
    "tags": ""
  },
  {
    "sku": "boudin-grille-150gr",
    "name": "boudin grillé +/-150gr",
    "published": 1,
    "is_featured": 0,
    "visibility": "visible",
    "short_description": "17,98€/kg",
    "description": "17,98€/kg",
    "regular_price": 2.69,
    "sale_price": "",
    "categories": "Charcuterie",
    "images": "https://boucheri.vds131.tmp-access.net/wp-content/uploads/2026/01/boudin-grille-150gr.jpg",
    "stock_status": "instock",
    "manage_stock": 0,
    "tax_class": "",
    "weight": null,
    "tags": ""
  },
  {
    "sku": "boulette-rotie-125gr",
    "name": "boulette rôtie +/-125gr",
    "published": 1,
    "is_featured": 0,
    "visibility": "visible",
    "short_description": "12,98€/kg",
    "description": "12,98€/kg",
    "regular_price": 1.62,
    "sale_price": "",
    "categories": "Charcuterie",
    "images": "https://boucheri.vds131.tmp-access.net/wp-content/uploads/2026/01/boulette-rotie-125gr.jpg",
    "stock_status": "instock",
    "manage_stock": 0,
    "tax_class": "",
    "weight": null,
    "tags": ""
  },
  {
    "sku": "baelenoise-125gr",
    "name": "Baelenoise  +/-125gr",
    "published": 1,
    "is_featured": 0,
    "visibility": "visible",
    "short_description": "12,98€/kg",
    "description": "12,98€/kg",
    "regular_price": 1.62,
    "sale_price": "",
    "categories": "Charcuterie",
    "images": "https://boucheri.vds131.tmp-access.net/wp-content/uploads/2026/01/baelenoise-125gr.jpg",
    "stock_status": "instock",
    "manage_stock": 0,
    "tax_class": "",
    "weight": null,
    "tags": ""
  },
  {
    "sku": "chorizo-100gr",
    "name": "chorizo +/-100gr",
    "published": 1,
    "is_featured": 0,
    "visibility": "visible",
    "short_description": "32,98€/kg",
    "description": "32,98€/kg",
    "regular_price": 3.29,
    "sale_price": "",
    "categories": "Charcuterie",
    "images": "https://boucheri.vds131.tmp-access.net/wp-content/uploads/2026/01/chorizo-100gr.jpg",
    "stock_status": "instock",
    "manage_stock": 0,
    "tax_class": "",
    "weight": null,
    "tags": ""
  },
  {
    "sku": "coppa-100gr",
    "name": "coppa +/-100gr",
    "published": 1,
    "is_featured": 0,
    "visibility": "visible",
    "short_description": "38,98€/kg",
    "description": "38,98€/kg",
    "regular_price": 3.89,
    "sale_price": "",
    "categories": "Charcuterie",
    "images": "https://boucheri.vds131.tmp-access.net/wp-content/uploads/2026/01/coppa-100gr.jpg",
    "stock_status": "instock",
    "manage_stock": 0,
    "tax_class": "",
    "weight": null,
    "tags": ""
  },
  {
    "sku": "saucisson-au-jambon-100gr",
    "name": "saucisson au jambon +/-100gr",
    "published": 1,
    "is_featured": 0,
    "visibility": "visible",
    "short_description": "16,98€/kg",
    "description": "16,98€/kg",
    "regular_price": 1.69,
    "sale_price": "",
    "categories": "Charcuterie",
    "images": "https://boucheri.vds131.tmp-access.net/wp-content/uploads/2026/01/saucisson-au-jambon-100gr.jpg",
    "stock_status": "instock",
    "manage_stock": 0,
    "tax_class": "",
    "weight": null,
    "tags": ""
  },
  {
    "sku": "jambon-dardenne-au-poivre-100gr",
    "name": "jambon d'ardenne au poivre +/-100gr",
    "published": 1,
    "is_featured": 0,
    "visibility": "visible",
    "short_description": "32,98€/kg",
    "description": "32,98€/kg",
    "regular_price": 3.29,
    "sale_price": "",
    "categories": "Charcuterie",
    "images": "https://boucheri.vds131.tmp-access.net/wp-content/uploads/2026/01/jambon-dardenne-au-poivre-100gr.jpg",
    "stock_status": "instock",
    "manage_stock": 0,
    "tax_class": "",
    "weight": null,
    "tags": ""
  },
  {
    "sku": "jambon-dardenne-100gr",
    "name": "jambon d'ardenne +/-100gr",
    "published": 1,
    "is_featured": 0,
    "visibility": "visible",
    "short_description": "32,98€/kg",
    "description": "32,98€/kg",
    "regular_price": 3.29,
    "sale_price": "",
    "categories": "Charcuterie",
    "images": "https://boucheri.vds131.tmp-access.net/wp-content/uploads/2026/01/jambon-dardenne-100gr.jpg",
    "stock_status": "instock",
    "manage_stock": 0,
    "tax_class": "",
    "weight": null,
    "tags": ""
  },
  {
    "sku": "jambon-a-los-100gr",
    "name": "Jambon à l'os +/-100gr",
    "published": 1,
    "is_featured": 0,
    "visibility": "visible",
    "short_description": "26,98€/kg",
    "description": "26,98€/kg",
    "regular_price": 2.69,
    "sale_price": "",
    "categories": "Charcuterie",
    "images": "https://boucheri.vds131.tmp-access.net/wp-content/uploads/2026/01/jambon-a-los-100gr.jpg",
    "stock_status": "instock",
    "manage_stock": 0,
    "tax_class": "",
    "weight": null,
    "tags": ""
  },
  {
    "sku": "jambon-braise-100gr",
    "name": "Jambon braisé +/-100gr",
    "published": 1,
    "is_featured": 0,
    "visibility": "visible",
    "short_description": "26,98€/kg",
    "description": "26,98€/kg",
    "regular_price": 2.69,
    "sale_price": "",
    "categories": "Charcuterie",
    "images": "https://boucheri.vds131.tmp-access.net/wp-content/uploads/2026/01/jambon-braise-100gr.jpg",
    "stock_status": "instock",
    "manage_stock": 0,
    "tax_class": "",
    "weight": null,
    "tags": ""
  },
  {
    "sku": "jambon-foret-noir-100gr",
    "name": "Jambon forêt noir +/-100gr",
    "published": 1,
    "is_featured": 0,
    "visibility": "visible",
    "short_description": "34,98€/kg",
    "description": "34,98€/kg",
    "regular_price": 3.49,
    "sale_price": "",
    "categories": "Charcuterie",
    "images": "https://boucheri.vds131.tmp-access.net/wp-content/uploads/2026/01/jambon-foret-noir-100gr.jpg",
    "stock_status": "instock",
    "manage_stock": 0,
    "tax_class": "",
    "weight": null,
    "tags": ""
  },
  {
    "sku": "miche-au-poivre-100gr",
    "name": "Miche au poivre +/-100gr",
    "published": 1,
    "is_featured": 0,
    "visibility": "visible",
    "short_description": "32,98€/kg",
    "description": "32,98€/kg",
    "regular_price": 3.29,
    "sale_price": "",
    "categories": "Charcuterie",
    "images": "https://boucheri.vds131.tmp-access.net/wp-content/uploads/2026/01/miche-au-poivre-100gr.jpg",
    "stock_status": "instock",
    "manage_stock": 0,
    "tax_class": "",
    "weight": null,
    "tags": ""
  },
  {
    "sku": "pate-creme-100gr",
    "name": "Pâté crème +/-100gr",
    "published": 1,
    "is_featured": 0,
    "visibility": "visible",
    "short_description": "23.98€/kg",
    "description": "23.98€/kg",
    "regular_price": 2.39,
    "sale_price": "",
    "categories": "Charcuterie",
    "images": "https://boucheri.vds131.tmp-access.net/wp-content/uploads/2026/01/pate-creme-100gr.jpg",
    "stock_status": "instock",
    "manage_stock": 0,
    "tax_class": "",
    "weight": null,
    "tags": ""
  },
  {
    "sku": "pate-campagne-100gr",
    "name": "Pâté campagne +/-100gr",
    "published": 1,
    "is_featured": 0,
    "visibility": "visible",
    "short_description": "23.98€/kg",
    "description": "23.98€/kg",
    "regular_price": 2.39,
    "sale_price": "",
    "categories": "Charcuterie",
    "images": "https://boucheri.vds131.tmp-access.net/wp-content/uploads/2026/01/pate-campagne-100gr.jpg",
    "stock_status": "instock",
    "manage_stock": 0,
    "tax_class": "",
    "weight": null,
    "tags": ""
  },
  {
    "sku": "mortadelle-100gr",
    "name": "mortadelle +/-100gr",
    "published": 1,
    "is_featured": 0,
    "visibility": "visible",
    "short_description": "26,98€/kg",
    "description": "26,98€/kg",
    "regular_price": 2.69,
    "sale_price": "",
    "categories": "Charcuterie",
    "images": "https://boucheri.vds131.tmp-access.net/wp-content/uploads/2026/01/mortadelle-100gr.jpg",
    "stock_status": "instock",
    "manage_stock": 0,
    "tax_class": "",
    "weight": null,
    "tags": ""
  },
  {
    "sku": "noix-fumee-100gr",
    "name": "noix fumée +/-100gr",
    "published": 1,
    "is_featured": 0,
    "visibility": "visible",
    "short_description": "24.98€/kg",
    "description": "24.98€/kg",
    "regular_price": 2.49,
    "sale_price": "",
    "categories": "Charcuterie",
    "images": "https://boucheri.vds131.tmp-access.net/wp-content/uploads/2026/01/noix-fumee-100gr.jpg",
    "stock_status": "instock",
    "manage_stock": 0,
    "tax_class": "",
    "weight": null,
    "tags": ""
  },
  {
    "sku": "pain-de-marcassou-100gr",
    "name": "pain de marcassou +/-100gr",
    "published": 1,
    "is_featured": 0,
    "visibility": "visible",
    "short_description": "34,98€/kg",
    "description": "34,98€/kg",
    "regular_price": 3.49,
    "sale_price": "",
    "categories": "Charcuterie",
    "images": "https://boucheri.vds131.tmp-access.net/wp-content/uploads/2026/01/pain-de-marcassou-100gr.jpg",
    "stock_status": "instock",
    "manage_stock": 0,
    "tax_class": "",
    "weight": null,
    "tags": ""
  },
  {
    "sku": "pain-de-viande-nature-100gr",
    "name": "pain de viande nature +/-100gr",
    "published": 1,
    "is_featured": 0,
    "visibility": "visible",
    "short_description": "17,95€/kg",
    "description": "17,95€/kg",
    "regular_price": 1.79,
    "sale_price": "",
    "categories": "Charcuterie",
    "images": "https://boucheri.vds131.tmp-access.net/wp-content/uploads/2026/01/pain-de-viande-nature-100gr.jpg",
    "stock_status": "instock",
    "manage_stock": 0,
    "tax_class": "",
    "weight": null,
    "tags": ""
  },
  {
    "sku": "pancetta-100gr",
    "name": "pancetta +/-100gr",
    "published": 1,
    "is_featured": 0,
    "visibility": "visible",
    "short_description": "34,98€/kg",
    "description": "34,98€/kg",
    "regular_price": 3.49,
    "sale_price": "",
    "categories": "Charcuterie",
    "images": "https://boucheri.vds131.tmp-access.net/wp-content/uploads/2026/01/pancetta-100gr.jpg",
    "stock_status": "instock",
    "manage_stock": 0,
    "tax_class": "",
    "weight": null,
    "tags": ""
  },
  {
    "sku": "poitrine-de-dinde-100gr",
    "name": "poitrine de dinde +/-100gr",
    "published": 1,
    "is_featured": 0,
    "visibility": "visible",
    "short_description": "28.98€/kg",
    "description": "28.98€/kg",
    "regular_price": 2.71,
    "sale_price": "",
    "categories": "Charcuterie",
    "images": "https://boucheri.vds131.tmp-access.net/wp-content/uploads/2026/01/poitrine-de-dinde-100gr.jpg",
    "stock_status": "instock",
    "manage_stock": 0,
    "tax_class": "",
    "weight": null,
    "tags": ""
  },
  {
    "sku": "roasbeef-cuit-100gr",
    "name": "roasbeef cuit +/-100gr",
    "published": 1,
    "is_featured": 0,
    "visibility": "visible",
    "short_description": "32.98€/kg",
    "description": "32.98€/kg",
    "regular_price": 3.29,
    "sale_price": "",
    "categories": "Charcuterie",
    "images": "https://boucheri.vds131.tmp-access.net/wp-content/uploads/2026/01/roasbeef-cuit-100gr.jpg",
    "stock_status": "instock",
    "manage_stock": 0,
    "tax_class": "",
    "weight": null,
    "tags": ""
  },
  {
    "sku": "rosette-100gr",
    "name": "rosette +/-100gr",
    "published": 1,
    "is_featured": 0,
    "visibility": "visible",
    "short_description": "34,98€/kg",
    "description": "34,98€/kg",
    "regular_price": 3.49,
    "sale_price": "",
    "categories": "Charcuterie",
    "images": "https://boucheri.vds131.tmp-access.net/wp-content/uploads/2026/01/rosette-100gr.jpg",
    "stock_status": "instock",
    "manage_stock": 0,
    "tax_class": "",
    "weight": null,
    "tags": ""
  },
  {
    "sku": "roulade-de-poulet-breton-100gr",
    "name": "roulade de poulet breton +/-100gr",
    "published": 1,
    "is_featured": 0,
    "visibility": "visible",
    "short_description": "28,98€/kg",
    "description": "28,98€/kg",
    "regular_price": 2.89,
    "sale_price": "",
    "categories": "Charcuterie",
    "images": "https://boucheri.vds131.tmp-access.net/wp-content/uploads/2026/01/roulade-de-poulet-breton-100gr.jpg",
    "stock_status": "instock",
    "manage_stock": 0,
    "tax_class": "",
    "weight": null,
    "tags": ""
  },
  {
    "sku": "salade-de-crabe-200gr",
    "name": "salade de crabe +/-200gr",
    "published": 1,
    "is_featured": 0,
    "visibility": "visible",
    "short_description": "24,48€/kg",
    "description": "24,48€/kg",
    "regular_price": 4.99,
    "sale_price": "",
    "categories": "Charcuterie",
    "images": "https://boucheri.vds131.tmp-access.net/wp-content/uploads/2026/01/salade-de-crabe-200gr.jpg",
    "stock_status": "instock",
    "manage_stock": 0,
    "tax_class": "",
    "weight": null,
    "tags": ""
  },
  {
    "sku": "salade-de-poulet-roti-200gr",
    "name": "salade de poulet rôti +/-200gr",
    "published": 1,
    "is_featured": 0,
    "visibility": "visible",
    "short_description": "24.98€/kg",
    "description": "24.98€/kg",
    "regular_price": 4.99,
    "sale_price": "",
    "categories": "Charcuterie",
    "images": "https://boucheri.vds131.tmp-access.net/wp-content/uploads/2026/01/salade-de-poulet-roti-200gr.jpg",
    "stock_status": "instock",
    "manage_stock": 0,
    "tax_class": "",
    "weight": null,
    "tags": ""
  },
  {
    "sku": "salade-de-poulet-curry-200gr",
    "name": "salade de poulet curry +/-200gr",
    "published": 1,
    "is_featured": 0,
    "visibility": "visible",
    "short_description": "23.98€/kg",
    "description": "23.98€/kg",
    "regular_price": 4.79,
    "sale_price": "",
    "categories": "Charcuterie",
    "images": "https://boucheri.vds131.tmp-access.net/wp-content/uploads/2026/01/salade-de-poulet-curry-200gr.jpg",
    "stock_status": "instock",
    "manage_stock": 0,
    "tax_class": "",
    "weight": null,
    "tags": ""
  },
  {
    "sku": "salade-de-thon-200gr",
    "name": "salade de thon +/-200gr",
    "published": 1,
    "is_featured": 0,
    "visibility": "visible",
    "short_description": "23,98€/kg",
    "description": "23,98€/kg",
    "regular_price": 4.79,
    "sale_price": "",
    "categories": "Charcuterie",
    "images": "https://boucheri.vds131.tmp-access.net/wp-content/uploads/2026/01/salade-de-thon-200gr.jpg",
    "stock_status": "instock",
    "manage_stock": 0,
    "tax_class": "",
    "weight": null,
    "tags": ""
  },
  {
    "sku": "salade-thon-cocktail-200gr",
    "name": "salade thon cocktail +/-200gr",
    "published": 1,
    "is_featured": 0,
    "visibility": "visible",
    "short_description": "23.98€/kg",
    "description": "23.98€/kg",
    "regular_price": 4.79,
    "sale_price": "",
    "categories": "Charcuterie",
    "images": "https://boucheri.vds131.tmp-access.net/wp-content/uploads/2026/01/salade-thon-cocktail-200gr.jpg",
    "stock_status": "instock",
    "manage_stock": 0,
    "tax_class": "",
    "weight": null,
    "tags": ""
  },
  {
    "sku": "salade-aux-oeufs-200gr",
    "name": "salade aux œufs +/-200gr",
    "published": 1,
    "is_featured": 0,
    "visibility": "visible",
    "short_description": "16,99€/kg",
    "description": "16,99€/kg",
    "regular_price": 3.39,
    "sale_price": "",
    "categories": "Charcuterie",
    "images": "https://boucheri.vds131.tmp-access.net/wp-content/uploads/2026/01/salade-aux-oeufs-200gr.jpg",
    "stock_status": "instock",
    "manage_stock": 0,
    "tax_class": "",
    "weight": null,
    "tags": ""
  },
  {
    "sku": "salami-a-lechalote-100gr",
    "name": "salami à l'échalote +/-100gr",
    "published": 1,
    "is_featured": 0,
    "visibility": "visible",
    "short_description": "34,98€/kg",
    "description": "34,98€/kg",
    "regular_price": 3.49,
    "sale_price": "",
    "categories": "Charcuterie",
    "images": "https://boucheri.vds131.tmp-access.net/wp-content/uploads/2026/01/salami-a-lechalote-100gr.jpg",
    "stock_status": "instock",
    "manage_stock": 0,
    "tax_class": "",
    "weight": null,
    "tags": ""
  },
  {
    "sku": "salami-a-l-ail-100gr",
    "name": "salami a l ail +/-100gr",
    "published": 1,
    "is_featured": 0,
    "visibility": "visible",
    "short_description": "21.98€/kg",
    "description": "21.98€/kg",
    "regular_price": 2.19,
    "sale_price": "",
    "categories": "Charcuterie",
    "images": "https://boucheri.vds131.tmp-access.net/wp-content/uploads/2026/01/salami-a-l-ail-100gr.jpg",
    "stock_status": "instock",
    "manage_stock": 0,
    "tax_class": "",
    "weight": null,
    "tags": ""
  },
  {
    "sku": "salami-nature-100gr",
    "name": "salami nature +/-100gr",
    "published": 1,
    "is_featured": 0,
    "visibility": "visible",
    "short_description": "23.98€/kg",
    "description": "23.98€/kg",
    "regular_price": 2.39,
    "sale_price": "",
    "categories": "Charcuterie",
    "images": "https://boucheri.vds131.tmp-access.net/wp-content/uploads/2026/01/salami-nature-100gr.jpg",
    "stock_status": "instock",
    "manage_stock": 0,
    "tax_class": "",
    "weight": null,
    "tags": ""
  },
  {
    "sku": "salami-de-volaille-100gr",
    "name": "salami de volaille +/-100gr",
    "published": 1,
    "is_featured": 0,
    "visibility": "visible",
    "short_description": "34,98€/kg",
    "description": "34,98€/kg",
    "regular_price": 3.49,
    "sale_price": "",
    "categories": "Charcuterie",
    "images": "https://boucheri.vds131.tmp-access.net/wp-content/uploads/2026/01/salami-de-volaille-100gr.jpg",
    "stock_status": "instock",
    "manage_stock": 0,
    "tax_class": "",
    "weight": null,
    "tags": ""
  },
  {
    "sku": "salami-gaumais-100gr",
    "name": "salami gaumais +/-100gr",
    "published": 1,
    "is_featured": 0,
    "visibility": "visible",
    "short_description": "32,98€/kg",
    "description": "32,98€/kg",
    "regular_price": 3.29,
    "sale_price": "",
    "categories": "Charcuterie",
    "images": "https://boucheri.vds131.tmp-access.net/wp-content/uploads/2026/01/salami-gaumais-100gr.jpg",
    "stock_status": "instock",
    "manage_stock": 0,
    "tax_class": "",
    "weight": null,
    "tags": ""
  },
  {
    "sku": "saltufos",
    "name": "saltufos",
    "published": 1,
    "is_featured": 0,
    "visibility": "visible",
    "short_description": "4,99€/pc",
    "description": "4,99€/pc",
    "regular_price": 4.99,
    "sale_price": "",
    "categories": "Charcuterie",
    "images": "https://boucheri.vds131.tmp-access.net/wp-content/uploads/2026/01/saltufos.jpg",
    "stock_status": "instock",
    "manage_stock": 0,
    "tax_class": "",
    "weight": null,
    "tags": ""
  },
  {
    "sku": "saucisson-fermier-150gr",
    "name": "saucisson fermier +/-150gr",
    "published": 1,
    "is_featured": 0,
    "visibility": "visible",
    "short_description": "18,98€/kg",
    "description": "18,98€/kg",
    "regular_price": 2.84,
    "sale_price": "",
    "categories": "Charcuterie",
    "images": "https://boucheri.vds131.tmp-access.net/wp-content/uploads/2026/01/saucisson-fermier-150gr.jpg",
    "stock_status": "instock",
    "manage_stock": 0,
    "tax_class": "",
    "weight": null,
    "tags": ""
  },
  {
    "sku": "filet-de-saxe-100gr",
    "name": "filet de saxe +/-100gr",
    "published": 1,
    "is_featured": 0,
    "visibility": "visible",
    "short_description": "25,56€/kg",
    "description": "25,56€/kg",
    "regular_price": 2.55,
    "sale_price": "",
    "categories": "Charcuterie",
    "images": "https://boucheri.vds131.tmp-access.net/wp-content/uploads/2026/01/filet-de-saxe-100gr.jpg",
    "stock_status": "instock",
    "manage_stock": 0,
    "tax_class": "",
    "weight": null,
    "tags": ""
  },
  {
    "sku": "filet-danvers-100gr",
    "name": "filet d'anvers +/-100gr",
    "published": 1,
    "is_featured": 0,
    "visibility": "visible",
    "short_description": "36,98€/kg",
    "description": "36,98€/kg",
    "regular_price": 3.69,
    "sale_price": "",
    "categories": "Charcuterie",
    "images": "https://boucheri.vds131.tmp-access.net/wp-content/uploads/2026/01/filet-danvers-100gr.jpg",
    "stock_status": "instock",
    "manage_stock": 0,
    "tax_class": "",
    "weight": null,
    "tags": ""
  },
  {
    "sku": "tete-pressee-300gr",
    "name": "Tête pressée +/-300gr",
    "published": 1,
    "is_featured": 0,
    "visibility": "visible",
    "short_description": "16.98€/kg",
    "description": "16.98€/kg",
    "regular_price": 5.09,
    "sale_price": "",
    "categories": "Charcuterie",
    "images": "https://boucheri.vds131.tmp-access.net/wp-content/uploads/2026/01/tete-pressee-300gr.jpg",
    "stock_status": "instock",
    "manage_stock": 0,
    "tax_class": "",
    "weight": null,
    "tags": ""
  },
  {
    "sku": "jambon-belge-15-mois-100gr",
    "name": "Jambon Belge 15 mois  +-100gr",
    "published": 1,
    "is_featured": 0,
    "visibility": "visible",
    "short_description": "37.98€/kg",
    "description": "37.98€/kg",
    "regular_price": 3.79,
    "sale_price": "",
    "categories": "Charcuterie",
    "images": "https://boucheri.vds131.tmp-access.net/wp-content/uploads/2026/01/jambon-belge-15-mois-100gr.jpg",
    "stock_status": "instock",
    "manage_stock": 0,
    "tax_class": "",
    "weight": null,
    "tags": ""
  },
  {
    "sku": "lonzo-corse-100gr",
    "name": "Lonzo Corse   +-100gr",
    "published": 1,
    "is_featured": 0,
    "visibility": "visible",
    "short_description": "48.98€/kg",
    "description": "48.98€/kg",
    "regular_price": 4.89,
    "sale_price": "",
    "categories": "Charcuterie",
    "images": "https://boucheri.vds131.tmp-access.net/wp-content/uploads/2026/01/lonzo-corse-100gr.jpg",
    "stock_status": "instock",
    "manage_stock": 0,
    "tax_class": "",
    "weight": null,
    "tags": ""
  },
  {
    "sku": "coppa-corse-100gr",
    "name": "Coppa Corse   +-100gr",
    "published": 1,
    "is_featured": 0,
    "visibility": "visible",
    "short_description": "42.98€/kg",
    "description": "42.98€/kg",
    "regular_price": 4.29,
    "sale_price": "",
    "categories": "Charcuterie",
    "images": "https://boucheri.vds131.tmp-access.net/wp-content/uploads/2026/01/coppa-corse-100gr.jpg",
    "stock_status": "instock",
    "manage_stock": 0,
    "tax_class": "",
    "weight": null,
    "tags": ""
  },
  {
    "sku": "vol-au-vent-500gr",
    "name": "Vol au vent +/-500gr",
    "published": 1,
    "is_featured": 0,
    "visibility": "visible",
    "short_description": "14,90€/kg",
    "description": "14,90€/kg",
    "regular_price": 7.45,
    "sale_price": "",
    "categories": "Traiteur",
    "images": "https://boucheri.vds131.tmp-access.net/wp-content/uploads/2026/01/vol-au-vent-500gr.jpg",
    "stock_status": "instock",
    "manage_stock": 0,
    "tax_class": "",
    "weight": null,
    "tags": ""
  },
  {
    "sku": "boulette-sauce-chasseur-250gr",
    "name": "Boulette sauce chasseur +/-250gr",
    "published": 1,
    "is_featured": 0,
    "visibility": "visible",
    "short_description": "1 pc 13,99€/kg",
    "description": "1 pc 13,99€/kg",
    "regular_price": 3.49,
    "sale_price": "",
    "categories": "Traiteur",
    "images": "https://boucheri.vds131.tmp-access.net/wp-content/uploads/2026/01/boulette-sauce-chasseur-250gr.jpg",
    "stock_status": "instock",
    "manage_stock": 0,
    "tax_class": "",
    "weight": null,
    "tags": ""
  },
  {
    "sku": "boulette-sauce-tomate-250gr",
    "name": "Boulette sauce tomate +/-250gr",
    "published": 1,
    "is_featured": 0,
    "visibility": "visible",
    "short_description": "1 pc 13,99€/kg",
    "description": "1 pc 13,99€/kg",
    "regular_price": 3.49,
    "sale_price": "",
    "categories": "Traiteur",
    "images": "https://boucheri.vds131.tmp-access.net/wp-content/uploads/2026/01/boulette-sauce-tomate-250gr.jpg",
    "stock_status": "instock",
    "manage_stock": 0,
    "tax_class": "",
    "weight": null,
    "tags": ""
  },
  {
    "sku": "boulette-sauce-provencale-250gr",
    "name": "Boulette sauce provençale +/-250gr",
    "published": 1,
    "is_featured": 0,
    "visibility": "visible",
    "short_description": "1 pc 13,99€/kg",
    "description": "1 pc 13,99€/kg",
    "regular_price": 3.49,
    "sale_price": "",
    "categories": "Traiteur",
    "images": "https://boucheri.vds131.tmp-access.net/wp-content/uploads/2026/01/boulette-sauce-provencale-250gr.jpg",
    "stock_status": "instock",
    "manage_stock": 0,
    "tax_class": "",
    "weight": null,
    "tags": ""
  },
  {
    "sku": "moussaka-500gr",
    "name": "Moussaka +/-500gr",
    "published": 1,
    "is_featured": 0,
    "visibility": "visible",
    "short_description": "18,98€/kg\n😊!!! Délai  de commande 3 jours",
    "description": "18,98€/kg\n😊!!! Délai  de commande 3 jours",
    "regular_price": 9.49,
    "sale_price": "",
    "categories": "Traiteur",
    "images": "https://boucheri.vds131.tmp-access.net/wp-content/uploads/2026/01/moussaka-500gr.jpg",
    "stock_status": "instock",
    "manage_stock": 0,
    "tax_class": "",
    "weight": null,
    "tags": ""
  },
  {
    "sku": "gratin-daupinois-500gr",
    "name": "Gratin daupinois +/-500gr",
    "published": 1,
    "is_featured": 0,
    "visibility": "visible",
    "short_description": "9,90€/kg",
    "description": "9,90€/kg",
    "regular_price": 4.95,
    "sale_price": "",
    "categories": "Traiteur",
    "images": "https://boucheri.vds131.tmp-access.net/wp-content/uploads/2026/01/gratin-daupinois-500gr.jpg",
    "stock_status": "instock",
    "manage_stock": 0,
    "tax_class": "",
    "weight": null,
    "tags": ""
  },
  {
    "sku": "puree-500gr",
    "name": "Purée +/-500gr",
    "published": 1,
    "is_featured": 0,
    "visibility": "visible",
    "short_description": "9,98€/kg",
    "description": "9,98€/kg",
    "regular_price": 4.99,
    "sale_price": "",
    "categories": "Traiteur",
    "images": "https://boucheri.vds131.tmp-access.net/wp-content/uploads/2026/01/puree-500gr.jpg",
    "stock_status": "instock",
    "manage_stock": 0,
    "tax_class": "",
    "weight": null,
    "tags": ""
  },
  {
    "sku": "lasagne-500gr",
    "name": "Lasagne +/-500gr",
    "published": 1,
    "is_featured": 0,
    "visibility": "visible",
    "short_description": "13,98€/kg",
    "description": "13,98€/kg",
    "regular_price": 6.99,
    "sale_price": "",
    "categories": "Traiteur",
    "images": "https://boucheri.vds131.tmp-access.net/wp-content/uploads/2026/01/lasagne-500gr.jpg",
    "stock_status": "instock",
    "manage_stock": 0,
    "tax_class": "",
    "weight": null,
    "tags": ""
  },
  {
    "sku": "sauce-bolognaise-500gr",
    "name": "Sauce bolognaise +/-500gr",
    "published": 1,
    "is_featured": 0,
    "visibility": "visible",
    "short_description": "14,99€/kg",
    "description": "14,99€/kg",
    "regular_price": 7.49,
    "sale_price": "",
    "categories": "Traiteur",
    "images": "https://boucheri.vds131.tmp-access.net/wp-content/uploads/2026/01/sauce-bolognaise-500gr.jpg",
    "stock_status": "instock",
    "manage_stock": 0,
    "tax_class": "",
    "weight": null,
    "tags": ""
  },
  {
    "sku": "pomme-macaire-150gr",
    "name": "Pomme macaire +/-150gr",
    "published": 1,
    "is_featured": 0,
    "visibility": "visible",
    "short_description": "1 pc de 150gr - 18,98€/kg",
    "description": "1 pc de 150gr - 18,98€/kg",
    "regular_price": 2.54,
    "sale_price": "",
    "categories": "Traiteur",
    "images": "https://boucheri.vds131.tmp-access.net/wp-content/uploads/2026/01/pomme-macaire-150gr.jpg",
    "stock_status": "instock",
    "manage_stock": 0,
    "tax_class": "",
    "weight": null,
    "tags": ""
  },
  {
    "sku": "poulet-oriental-500gr",
    "name": "Poulet oriental +/-500gr",
    "published": 1,
    "is_featured": 0,
    "visibility": "visible",
    "short_description": "19,98€/kg",
    "description": "19,98€/kg",
    "regular_price": 9.99,
    "sale_price": "",
    "categories": "Traiteur",
    "images": "https://boucheri.vds131.tmp-access.net/wp-content/uploads/2026/01/poulet-oriental-500gr.jpg",
    "stock_status": "instock",
    "manage_stock": 0,
    "tax_class": "",
    "weight": null,
    "tags": ""
  },
  {
    "sku": "saucisses-porc-et-boeuf-150gr",
    "name": "saucisses porc et bœuf +/-150gr",
    "published": 1,
    "is_featured": 0,
    "visibility": "visible",
    "short_description": "1pc 150gr - 11.98€/kg",
    "description": "1pc 150gr - 11.98€/kg",
    "regular_price": 1.79,
    "sale_price": "",
    "categories": "Préparation - Hachis",
    "images": "https://boucheri.vds131.tmp-access.net/wp-content/uploads/2026/01/saucisses-porc-et-boeuf-150gr.jpg",
    "stock_status": "instock",
    "manage_stock": 0,
    "tax_class": "",
    "weight": null,
    "tags": ""
  },
  {
    "sku": "saucisses-persil-oignons-150gr",
    "name": "saucisses persil oignons +/150gr",
    "published": 1,
    "is_featured": 0,
    "visibility": "visible",
    "short_description": "1pc 150gr - 11,98€/kg",
    "description": "1pc 150gr - 11,98€/kg",
    "regular_price": 1.79,
    "sale_price": "",
    "categories": "Préparation - Hachis",
    "images": "https://boucheri.vds131.tmp-access.net/wp-content/uploads/2026/01/saucisses-persil-oignons-150gr.jpg",
    "stock_status": "instock",
    "manage_stock": 0,
    "tax_class": "",
    "weight": null,
    "tags": ""
  },
  {
    "sku": "chipollatas-80gr",
    "name": "chipollatas +/-80gr",
    "published": 1,
    "is_featured": 0,
    "visibility": "visible",
    "short_description": "1pc 80gr - 15,90€/kg",
    "description": "1pc 80gr - 15,90€/kg",
    "regular_price": 1.27,
    "sale_price": "",
    "categories": "Préparation - Hachis",
    "images": "https://boucheri.vds131.tmp-access.net/wp-content/uploads/2026/01/chipollatas-80gr.jpg",
    "stock_status": "instock",
    "manage_stock": 0,
    "tax_class": "",
    "weight": null,
    "tags": ""
  },
  {
    "sku": "merguez-80gr",
    "name": "merguez +/-80gr",
    "published": 1,
    "is_featured": 0,
    "visibility": "visible",
    "short_description": "1pc 80gr - 15,90€/kg",
    "description": "1pc 80gr - 15,90€/kg",
    "regular_price": 1.27,
    "sale_price": "",
    "categories": "Préparation - Hachis",
    "images": "https://boucheri.vds131.tmp-access.net/wp-content/uploads/2026/01/merguez-80gr.jpg",
    "stock_status": "instock",
    "manage_stock": 0,
    "tax_class": "",
    "weight": null,
    "tags": ""
  },
  {
    "sku": "filet-de-poulet-jambon-fromage-125gr",
    "name": "Filet de poulet jambon fromage +/-125gr",
    "published": 1,
    "is_featured": 0,
    "visibility": "visible",
    "short_description": "1pc 125gr - 19.98€/kg",
    "description": "1pc 125gr - 19.98€/kg",
    "regular_price": 2.49,
    "sale_price": "",
    "categories": "Préparation - Hachis",
    "images": "https://boucheri.vds131.tmp-access.net/wp-content/uploads/2026/01/filet-de-poulet-jambon-fromage-125gr.jpg",
    "stock_status": "instock",
    "manage_stock": 0,
    "tax_class": "",
    "weight": null,
    "tags": ""
  },
  {
    "sku": "cordon-bleu-de-poulet-250gr",
    "name": "cordon bleu de poulet  +/-250gr",
    "published": 1,
    "is_featured": 0,
    "visibility": "visible",
    "short_description": "1pc 250gr - 17,68€/kg",
    "description": "1pc 250gr - 17,68€/kg",
    "regular_price": 4.42,
    "sale_price": "",
    "categories": "Préparation - Hachis",
    "images": "https://boucheri.vds131.tmp-access.net/wp-content/uploads/2026/01/cordon-bleu-de-poulet-250gr.jpg",
    "stock_status": "instock",
    "manage_stock": 0,
    "tax_class": "",
    "weight": null,
    "tags": ""
  },
  {
    "sku": "cordon-bleu-de-porc-150gr",
    "name": "cordon bleu de porc +/-150gr",
    "published": 1,
    "is_featured": 0,
    "visibility": "visible",
    "short_description": "1pc 150gr - 15.98€/kg",
    "description": "1pc 150gr - 15.98€/kg",
    "regular_price": 2.39,
    "sale_price": "",
    "categories": "Préparation - Hachis",
    "images": "https://boucheri.vds131.tmp-access.net/wp-content/uploads/2026/01/cordon-bleu-de-porc-150gr.jpg",
    "stock_status": "instock",
    "manage_stock": 0,
    "tax_class": "",
    "weight": null,
    "tags": ""
  },
  {
    "sku": "cordon-bleu-de-veau-150gr",
    "name": "cordon bleu de veau +/-150gr",
    "published": 1,
    "is_featured": 0,
    "visibility": "visible",
    "short_description": "1pc 150gr - 24,90€/kg",
    "description": "1pc 150gr - 24,90€/kg",
    "regular_price": 3.73,
    "sale_price": "",
    "categories": "Préparation - Hachis",
    "images": "https://boucheri.vds131.tmp-access.net/wp-content/uploads/2026/01/cordon-bleu-de-veau-150gr.jpg",
    "stock_status": "instock",
    "manage_stock": 0,
    "tax_class": "",
    "weight": null,
    "tags": ""
  },
  {
    "sku": "filet-pur-porc-savoyard-250gr",
    "name": "Filet pur porc savoyard +/-250gr",
    "published": 1,
    "is_featured": 0,
    "visibility": "visible",
    "short_description": "19,97€/kg",
    "description": "19,97€/kg",
    "regular_price": 4.99,
    "sale_price": "",
    "categories": "Préparation - Hachis",
    "images": "https://boucheri.vds131.tmp-access.net/wp-content/uploads/2026/01/filet-pur-porc-savoyard-250gr.jpg",
    "stock_status": "instock",
    "manage_stock": 0,
    "tax_class": "",
    "weight": null,
    "tags": ""
  },
  {
    "sku": "gyros-500gr",
    "name": "gyros +/-500gr",
    "published": 1,
    "is_featured": 0,
    "visibility": "visible",
    "short_description": "16,98€/kg",
    "description": "16,98€/kg",
    "regular_price": 8.49,
    "sale_price": "",
    "categories": "Préparation - Hachis",
    "images": "https://boucheri.vds131.tmp-access.net/wp-content/uploads/2026/01/gyros-500gr.jpg",
    "stock_status": "instock",
    "manage_stock": 0,
    "tax_class": "",
    "weight": null,
    "tags": ""
  },
  {
    "sku": "gyros-de-volaille-500gr",
    "name": "gyros de volaille +/-500gr",
    "published": 1,
    "is_featured": 0,
    "visibility": "visible",
    "short_description": "18,98€/kg",
    "description": "18,98€/kg",
    "regular_price": 9.49,
    "sale_price": "",
    "categories": "Préparation - Hachis",
    "images": "https://boucheri.vds131.tmp-access.net/wp-content/uploads/2026/01/gyros-de-volaille-500gr.jpg",
    "stock_status": "instock",
    "manage_stock": 0,
    "tax_class": "",
    "weight": null,
    "tags": ""
  },
  {
    "sku": "gyros-de-boeuf-500gr",
    "name": "gyros de bœuf +/-500gr",
    "published": 1,
    "is_featured": 0,
    "visibility": "visible",
    "short_description": "22,98€/kg",
    "description": "22,98€/kg",
    "regular_price": 11.49,
    "sale_price": "",
    "categories": "Préparation - Hachis",
    "images": "https://boucheri.vds131.tmp-access.net/wp-content/uploads/2026/01/gyros-de-boeuf-500gr.jpg",
    "stock_status": "instock",
    "manage_stock": 0,
    "tax_class": "",
    "weight": null,
    "tags": ""
  },
  {
    "sku": "hachis-porc-et-boeuf-500gr",
    "name": "Hachis porc et Bœuf +/-500gr",
    "published": 1,
    "is_featured": 0,
    "visibility": "visible",
    "short_description": "11,98€/kg",
    "description": "11,98€/kg",
    "regular_price": 5.99,
    "sale_price": "",
    "categories": "Préparation - Hachis",
    "images": "https://boucheri.vds131.tmp-access.net/wp-content/uploads/2026/01/hachis-porc-et-boeuf-500gr.jpg",
    "stock_status": "instock",
    "manage_stock": 0,
    "tax_class": "",
    "weight": null,
    "tags": ""
  },
  {
    "sku": "hachis-a-lancienne-persil-et-oignons-500gr",
    "name": "hachis à l'ancienne ( persil et oignons) +/-500gr",
    "published": 1,
    "is_featured": 0,
    "visibility": "visible",
    "short_description": "11,98€/kg",
    "description": "11,98€/kg",
    "regular_price": 5.99,
    "sale_price": "",
    "categories": "Préparation - Hachis",
    "images": "https://boucheri.vds131.tmp-access.net/wp-content/uploads/2026/01/hachis-a-lancienne-persil-et-oignons-500gr.jpg",
    "stock_status": "instock",
    "manage_stock": 0,
    "tax_class": "",
    "weight": null,
    "tags": ""
  },
  {
    "sku": "oiseaux-sans-tete-150gr",
    "name": "oiseaux sans tête +/-150gr",
    "published": 1,
    "is_featured": 0,
    "visibility": "visible",
    "short_description": "1pc 150gr - 16,48€/kg",
    "description": "1pc 150gr - 16,48€/kg",
    "regular_price": 2.37,
    "sale_price": "",
    "categories": "Préparation - Hachis",
    "images": "https://boucheri.vds131.tmp-access.net/wp-content/uploads/2026/01/oiseaux-sans-tete-150gr.jpg",
    "stock_status": "instock",
    "manage_stock": 0,
    "tax_class": "",
    "weight": null,
    "tags": ""
  },
  {
    "sku": "steak-hache-au-fromage-150gr",
    "name": "Steak haché au fromage +/-150gr",
    "published": 1,
    "is_featured": 0,
    "visibility": "visible",
    "short_description": "1pc 150gr - 14.98€/kg",
    "description": "1pc 150gr - 14.98€/kg",
    "regular_price": 2.54,
    "sale_price": "",
    "categories": "Préparation - Hachis",
    "images": "https://boucheri.vds131.tmp-access.net/wp-content/uploads/2026/01/steak-hache-au-fromage-150gr.jpg",
    "stock_status": "instock",
    "manage_stock": 0,
    "tax_class": "",
    "weight": null,
    "tags": ""
  },
  {
    "sku": "steak-hache-ardennais-150gr",
    "name": "steak haché ardennais +/-150gr",
    "published": 1,
    "is_featured": 0,
    "visibility": "visible",
    "short_description": "1pc 150gr - 14.98€/kg",
    "description": "1pc 150gr - 14.98€/kg",
    "regular_price": 2.54,
    "sale_price": "",
    "categories": "Préparation - Hachis",
    "images": "https://boucheri.vds131.tmp-access.net/wp-content/uploads/2026/01/steak-hache-ardennais-150gr.jpg",
    "stock_status": "instock",
    "manage_stock": 0,
    "tax_class": "",
    "weight": null,
    "tags": ""
  },
  {
    "sku": "steak-hache-aux-oignons-150gr",
    "name": "steak haché aux oignons +/-150gr",
    "published": 1,
    "is_featured": 0,
    "visibility": "visible",
    "short_description": "1pc 150gr - 14.98€/kg",
    "description": "1pc 150gr - 14.98€/kg",
    "regular_price": 2.54,
    "sale_price": "",
    "categories": "Préparation - Hachis",
    "images": "https://boucheri.vds131.tmp-access.net/wp-content/uploads/2026/01/steak-hache-aux-oignons-150gr.jpg",
    "stock_status": "instock",
    "manage_stock": 0,
    "tax_class": "",
    "weight": null,
    "tags": ""
  },
  {
    "sku": "pain-de-viande-cru-500gr",
    "name": "pain de viande cru +/-500gr",
    "published": 1,
    "is_featured": 0,
    "visibility": "visible",
    "short_description": "14,98€/kg",
    "description": "14,98€/kg",
    "regular_price": 7.49,
    "sale_price": "",
    "categories": "Préparation - Hachis",
    "images": "https://boucheri.vds131.tmp-access.net/wp-content/uploads/2026/01/pain-de-viande-cru-500gr.jpg",
    "stock_status": "instock",
    "manage_stock": 0,
    "tax_class": "",
    "weight": null,
    "tags": ""
  },
  {
    "sku": "paupiette-de-veau-150gr",
    "name": "paupiette de veau +/-150gr",
    "published": 1,
    "is_featured": 0,
    "visibility": "visible",
    "short_description": "1pc 150gr - 24.90€/kg",
    "description": "1pc 150gr - 24.90€/kg",
    "regular_price": 3.73,
    "sale_price": "",
    "categories": "Préparation - Hachis",
    "images": "https://boucheri.vds131.tmp-access.net/wp-content/uploads/2026/01/paupiette-de-veau-150gr.jpg",
    "stock_status": "instock",
    "manage_stock": 0,
    "tax_class": "",
    "weight": null,
    "tags": ""
  },
  {
    "sku": "roti-de-porc-farci-1kg",
    "name": "roti de porc farci +/-1kg",
    "published": 1,
    "is_featured": 0,
    "visibility": "visible",
    "short_description": "19,99€/kg",
    "description": "19,99€/kg",
    "regular_price": 19.99,
    "sale_price": "",
    "categories": "Préparation - Hachis",
    "images": "https://boucheri.vds131.tmp-access.net/wp-content/uploads/2026/01/roti-de-porc-farci-1kg.jpg",
    "stock_status": "instock",
    "manage_stock": 0,
    "tax_class": "",
    "weight": null,
    "tags": ""
  },
  {
    "sku": "roulade-ardennaise-150gr",
    "name": "roulade ardennaise +/-150gr",
    "published": 1,
    "is_featured": 0,
    "visibility": "visible",
    "short_description": "1pc 150gr - 16.98€/kg",
    "description": "1pc 150gr - 16.98€/kg",
    "regular_price": 2.54,
    "sale_price": "",
    "categories": "Préparation - Hachis",
    "images": "https://boucheri.vds131.tmp-access.net/wp-content/uploads/2026/01/roulade-ardennaise-150gr.jpg",
    "stock_status": "instock",
    "manage_stock": 0,
    "tax_class": "",
    "weight": null,
    "tags": ""
  },
  {
    "sku": "roulade-de-boeuf-farci-au-pesto-rouge-150gr",
    "name": "roulade de bœuf farçi au pesto rouge +/-150gr",
    "published": 1,
    "is_featured": 0,
    "visibility": "visible",
    "short_description": "1pc 150gr - 16,98€/kg",
    "description": "1pc 150gr - 16,98€/kg",
    "regular_price": 2.54,
    "sale_price": "",
    "categories": "Préparation - Hachis",
    "images": "https://boucheri.vds131.tmp-access.net/wp-content/uploads/2026/01/roulade-de-boeuf-farci-au-pesto-rouge-150gr.jpg",
    "stock_status": "instock",
    "manage_stock": 0,
    "tax_class": "",
    "weight": null,
    "tags": ""
  },
  {
    "sku": "filet-de-poulet-fermier-farci-500gr",
    "name": "filet de poulet fermier farçi +/-500gr",
    "published": 1,
    "is_featured": 0,
    "visibility": "visible",
    "short_description": "2pc 250gr - 19,98€/kg",
    "description": "2pc 250gr - 19,98€/kg",
    "regular_price": 9.99,
    "sale_price": "",
    "categories": "Préparation - Hachis",
    "images": "https://boucheri.vds131.tmp-access.net/wp-content/uploads/2026/01/filet-de-poulet-fermier-farci-500gr.jpg",
    "stock_status": "instock",
    "manage_stock": 0,
    "tax_class": "",
    "weight": null,
    "tags": ""
  },
  {
    "sku": "roulade-de-porc-a-litalienne-500gr",
    "name": "roulade de porc à l'italienne +/-500gr",
    "published": 1,
    "is_featured": 0,
    "visibility": "visible",
    "short_description": "2tr 250gr - 16,99€/kg",
    "description": "2tr 250gr - 16,99€/kg",
    "regular_price": 8.49,
    "sale_price": "",
    "categories": "Préparation - Hachis",
    "images": "https://boucheri.vds131.tmp-access.net/wp-content/uploads/2026/01/roulade-de-porc-a-litalienne-500gr.jpg",
    "stock_status": "instock",
    "manage_stock": 0,
    "tax_class": "",
    "weight": null,
    "tags": ""
  },
  {
    "sku": "poulet-croustillant",
    "name": "Poulet croustillant",
    "published": 1,
    "is_featured": 0,
    "visibility": "visible",
    "short_description": "2pc de 125gr - 22.98€/kg",
    "description": "2pc de 125gr - 22.98€/kg",
    "regular_price": 5.74,
    "sale_price": "",
    "categories": "Préparation - Hachis",
    "images": "https://boucheri.vds131.tmp-access.net/wp-content/uploads/2026/01/poulet-croustillant.jpg",
    "stock_status": "instock",
    "manage_stock": 0,
    "tax_class": "",
    "weight": null,
    "tags": ""
  },
  {
    "sku": "pic-savoyard",
    "name": "Pic Savoyard",
    "published": 1,
    "is_featured": 0,
    "visibility": "visible",
    "short_description": "20.98€/kg",
    "description": "20.98€/kg",
    "regular_price": 10,
    "sale_price": "",
    "categories": "Préparation - Hachis",
    "images": "https://boucheri.vds131.tmp-access.net/wp-content/uploads/2026/01/pic-savoyard.jpg",
    "stock_status": "instock",
    "manage_stock": 0,
    "tax_class": "",
    "weight": null,
    "tags": ""
  },
  {
    "sku": "plateau-fondue-classique-200gr-pers",
    "name": "plateau fondue classique 200gr/pers",
    "published": 1,
    "is_featured": 0,
    "visibility": "visible",
    "short_description": "bœuf, dinde, boulettes, mini saucisse : 1 pers 200gr",
    "description": "bœuf, dinde, boulettes, mini saucisse : 1 pers 200gr",
    "regular_price": 5.5,
    "sale_price": "",
    "categories": "Plateaux",
    "images": "https://boucheri.vds131.tmp-access.net/wp-content/uploads/2026/01/plateau-fondue-classique-200gr-pers.jpg",
    "stock_status": "instock",
    "manage_stock": 0,
    "tax_class": "",
    "weight": null,
    "tags": ""
  },
  {
    "sku": "plateau-fondue-de-luxe-200gr-pers",
    "name": "plateau fondue de luxe 200gr/pers",
    "published": 1,
    "is_featured": 0,
    "visibility": "visible",
    "short_description": "bœuf, dinde, boulettes, saucisses, canard, veau : 1 pers 200gr",
    "description": "bœuf, dinde, boulettes, saucisses, canard, veau : 1 pers 200gr",
    "regular_price": 6.5,
    "sale_price": "",
    "categories": "Plateaux",
    "images": "https://boucheri.vds131.tmp-access.net/wp-content/uploads/2026/01/plateau-fondue-de-luxe-200gr-pers.jpg",
    "stock_status": "instock",
    "manage_stock": 0,
    "tax_class": "",
    "weight": null,
    "tags": ""
  },
  {
    "sku": "plateau-pierrade-classique-200gr-pers",
    "name": "plateau pierrade classique 200gr/pers",
    "published": 1,
    "is_featured": 0,
    "visibility": "visible",
    "short_description": "bœuf, dinde, porc, chipo, burger : 1 pers 200gr",
    "description": "bœuf, dinde, porc, chipo, burger : 1 pers 200gr",
    "regular_price": 5.5,
    "sale_price": "",
    "categories": "Plateaux",
    "images": "https://boucheri.vds131.tmp-access.net/wp-content/uploads/2026/01/plateau-pierrade-classique-200gr-pers.jpg",
    "stock_status": "instock",
    "manage_stock": 0,
    "tax_class": "",
    "weight": null,
    "tags": ""
  },
  {
    "sku": "plateau-pierrade-de-luxe-200gr-pers",
    "name": "plateau pierrade de luxe 200gr/pers",
    "published": 1,
    "is_featured": 0,
    "visibility": "visible",
    "short_description": "bœuf, dinde, porc, chipo, burger, agneau, canard, veau : 1 pers 200gr -",
    "description": "bœuf, dinde, porc, chipo, burger, agneau, canard, veau : 1 pers 200gr -",
    "regular_price": 6,
    "sale_price": "",
    "categories": "Plateaux",
    "images": "https://boucheri.vds131.tmp-access.net/wp-content/uploads/2026/01/plateau-pierrade-de-luxe-200gr-pers.jpg",
    "stock_status": "instock",
    "manage_stock": 0,
    "tax_class": "",
    "weight": null,
    "tags": ""
  },
  {
    "sku": "gourmet-prestige-200gr-pers",
    "name": "gourmet prestige 200gr/pers",
    "published": 1,
    "is_featured": 0,
    "visibility": "visible",
    "short_description": "mini brochettes de bœuf,mini brochettes de  dinde, brochettes de porc, agneau, canard, veau, viande  étrangère et mini saucisses : 1 pers 200gr",
    "description": "mini brochettes de bœuf,mini brochettes de  dinde, brochettes de porc, agneau, canard, veau, viande  étrangère et mini saucisses : 1 pers 200gr",
    "regular_price": 7.5,
    "sale_price": "",
    "categories": "Plateaux",
    "images": "https://boucheri.vds131.tmp-access.net/wp-content/uploads/2026/01/gourmet-prestige-200gr-pers.jpg",
    "stock_status": "instock",
    "manage_stock": 0,
    "tax_class": "",
    "weight": null,
    "tags": ""
  },
  {
    "sku": "assortiment-de-boudins",
    "name": "assortiment de boudins",
    "published": 1,
    "is_featured": 0,
    "visibility": "visible",
    "short_description": "1 pers 100gr - 17,98€/kg",
    "description": "1 pers 100gr - 17,98€/kg",
    "regular_price": 1.78,
    "sale_price": "",
    "categories": "Plateaux",
    "images": "https://boucheri.vds131.tmp-access.net/wp-content/uploads/2026/01/assortiment-de-boudins.jpg",
    "stock_status": "instock",
    "manage_stock": 0,
    "tax_class": "",
    "weight": null,
    "tags": ""
  },
  {
    "sku": "plateau-mini-burger",
    "name": "plateau mini burger",
    "published": 1,
    "is_featured": 0,
    "visibility": "visible",
    "short_description": "1 pers 100gr - 24,98€/kg",
    "description": "1 pers 100gr - 24,98€/kg",
    "regular_price": 2.49,
    "sale_price": "",
    "categories": "Plateaux",
    "images": "https://boucheri.vds131.tmp-access.net/wp-content/uploads/2026/01/plateau-mini-burger.jpg",
    "stock_status": "instock",
    "manage_stock": 0,
    "tax_class": "",
    "weight": null,
    "tags": ""
  },
  {
    "sku": "plateau-apero",
    "name": "Plateau Apéro",
    "published": 1,
    "is_featured": 0,
    "visibility": "visible",
    "short_description": "",
    "description": "",
    "regular_price": 15,
    "sale_price": "",
    "categories": "Plateaux",
    "images": "https://boucheri.vds131.tmp-access.net/wp-content/uploads/2026/01/plateau-apero.jpg",
    "stock_status": "instock",
    "manage_stock": 0,
    "tax_class": "",
    "weight": null,
    "tags": ""
  },
  {
    "sku": "colis-mixte-4-personnes",
    "name": "colis Mixte  4 personnes",
    "published": 1,
    "is_featured": 0,
    "visibility": "visible",
    "short_description": "4 steaks - 800gr de rôti de boeuf - 4 sautés de veau - 800gr de rôti de veau - 4 filets de poulet - 4 poulets croustillant - 4 médaillons de porc - 800gr de pita\n120€ - 20% = 96€",
    "description": "4 steaks - 800gr de rôti de boeuf - 4 sautés de veau - 800gr de rôti de veau - 4 filets de poulet - 4 poulets croustillant - 4 médaillons de porc - 800gr de pita\n120€ - 20% = 96€",
    "regular_price": 96,
    "sale_price": "",
    "categories": "Colis",
    "images": "https://boucheri.vds131.tmp-access.net/wp-content/uploads/2026/01/colis-mixte-4-personnes.jpg",
    "stock_status": "instock",
    "manage_stock": 0,
    "tax_class": "",
    "weight": null,
    "tags": ""
  },
  {
    "sku": "colis-boeuf-et-porc-4-personnes",
    "name": "colis bœuf et porc   4 personnes",
    "published": 1,
    "is_featured": 0,
    "visibility": "visible",
    "short_description": "4 rumsteaks - 4 steaks hachés de boeuf - 4 oiseaux sans tête - 800gr de roasbeef - 800gr de carbonnade de boeuf - 4 côtes de porc - 4 sautés de porc - 4 saucisses - 800gr de rôti carréde porc - 800gr de pita\n125€ - 20%= 100€",
    "description": "4 rumsteaks - 4 steaks hachés de boeuf - 4 oiseaux sans tête - 800gr de roasbeef - 800gr de carbonnade de boeuf - 4 côtes de porc - 4 sautés de porc - 4 saucisses - 800gr de rôti carréde porc - 800gr de pita\n125€ - 20%= 100€",
    "regular_price": 100,
    "sale_price": "",
    "categories": "Colis",
    "images": "https://boucheri.vds131.tmp-access.net/wp-content/uploads/2026/01/colis-boeuf-et-porc-4-personnes.jpg",
    "stock_status": "instock",
    "manage_stock": 0,
    "tax_class": "",
    "weight": null,
    "tags": ""
  },
  {
    "sku": "colis-barbecue",
    "name": "colis Barbecue",
    "published": 1,
    "is_featured": 0,
    "visibility": "visible",
    "short_description": "4 saucisses, 4pilons, 4 mergez, 4tr lard,  4brochettes ,2 steaks marine, 2 cotes marine",
    "description": "4 saucisses, 4pilons, 4 mergez, 4tr lard,  4brochettes ,2 steaks marine, 2 cotes marine",
    "regular_price": 50,
    "sale_price": "",
    "categories": "Colis",
    "images": "https://boucheri.vds131.tmp-access.net/wp-content/uploads/2026/01/colis-barbecue.jpg",
    "stock_status": "instock",
    "manage_stock": 0,
    "tax_class": "",
    "weight": null,
    "tags": "volaille, boeuf"
  },
  {
    "sku": "colis-preparation-4-personnes",
    "name": "colis Préparation  4 personnes",
    "published": 1,
    "is_featured": 0,
    "visibility": "visible",
    "short_description": "4 saucisses - 4 cordons de bleu - 4 oiseaux sans tête - 4 steaks hachés ardennais - 4 steaks hachés au fromage - 4 paupiette de veau - 1 pain de viande de 800gr - 4 poulets croustillant  - 4 côtes ardennaises- 4 escalopes de boeuf panés\n110€ - 20% = 88€",
    "description": "4 saucisses - 4 cordons de bleu - 4 oiseaux sans tête - 4 steaks hachés ardennais - 4 steaks hachés au fromage - 4 paupiette de veau - 1 pain de viande de 800gr - 4 poulets croustillant  - 4 côtes ardennaises- 4 escalopes de boeuf panés\n110€ - 20% = 88€",
    "regular_price": 88,
    "sale_price": "",
    "categories": "Colis",
    "images": "https://boucheri.vds131.tmp-access.net/wp-content/uploads/2026/01/colis-preparation-4-personnes.jpg",
    "stock_status": "instock",
    "manage_stock": 0,
    "tax_class": "",
    "weight": null,
    "tags": ""
  },
  {
    "sku": "colis-prestige-4-personnes",
    "name": "colis Prestige  4 personnes",
    "published": 1,
    "is_featured": 0,
    "visibility": "visible",
    "short_description": "2 magret +- 800gr - 4 filets de poulet fermier - 2 contrefilet +- 800gr - 4 aloyau - 1 rôti de veau +- 800gr - 4 escalopes de veau - 2 filets de porc +-800gr - 4 filets d'agneau +- 800gr\n170€ - 20% = 136€",
    "description": "2 magret +- 800gr - 4 filets de poulet fermier - 2 contrefilet +- 800gr - 4 aloyau - 1 rôti de veau +- 800gr - 4 escalopes de veau - 2 filets de porc +-800gr - 4 filets d'agneau +- 800gr\n170€ - 20% = 136€",
    "regular_price": 136,
    "sale_price": "",
    "categories": "Colis",
    "images": "https://boucheri.vds131.tmp-access.net/wp-content/uploads/2026/01/colis-prestige-4-personnes.jpg",
    "stock_status": "instock",
    "manage_stock": 0,
    "tax_class": "",
    "weight": null,
    "tags": ""
  },
  {
    "sku": "farandole-de-braisades",
    "name": "Farandole de Braisades",
    "published": 1,
    "is_featured": 0,
    "visibility": "visible",
    "short_description": "4 filets mignon de boeuf au pesto - 4 filets de porc ail des ours - 4 filets de poulets provençale - 4 braisades de canard au miel - 4 filets d'agneau à l'ail - 4 braisades de veau 50€ au lieu de 65€",
    "description": "4 filets mignon de boeuf au pesto - 4 filets de porc ail des ours - 4 filets de poulets provençale - 4 braisades de canard au miel - 4 filets d'agneau à l'ail - 4 braisades de veau 50€ au lieu de 65€",
    "regular_price": 50,
    "sale_price": "",
    "categories": "Colis",
    "images": "https://boucheri.vds131.tmp-access.net/wp-content/uploads/2026/01/farandole-de-braisades.jpg",
    "stock_status": "instock",
    "manage_stock": 0,
    "tax_class": "",
    "weight": null,
    "tags": ""
  },
  {
    "sku": "sauce-mayonnaise-250ml",
    "name": "sauce mayonnaise 250ml",
    "published": 1,
    "is_featured": 0,
    "visibility": "visible",
    "short_description": "",
    "description": "",
    "regular_price": 3.8,
    "sale_price": "",
    "categories": "Divers",
    "images": "https://boucheri.vds131.tmp-access.net/wp-content/uploads/2026/01/sauce-mayonnaise-250ml.jpg",
    "stock_status": "instock",
    "manage_stock": 0,
    "tax_class": "",
    "weight": null,
    "tags": ""
  },
  {
    "sku": "sauce-cocktail-250ml",
    "name": "sauce cocktail 250ml",
    "published": 1,
    "is_featured": 0,
    "visibility": "visible",
    "short_description": "",
    "description": "",
    "regular_price": 3.32,
    "sale_price": "",
    "categories": "Divers",
    "images": "https://boucheri.vds131.tmp-access.net/wp-content/uploads/2026/01/sauce-cocktail-250ml.jpg",
    "stock_status": "instock",
    "manage_stock": 0,
    "tax_class": "",
    "weight": null,
    "tags": ""
  },
  {
    "sku": "sauce-bearnaise-250ml",
    "name": "sauce béarnaise 250ml",
    "published": 1,
    "is_featured": 0,
    "visibility": "visible",
    "short_description": "",
    "description": "",
    "regular_price": 3.32,
    "sale_price": "",
    "categories": "Divers",
    "images": "https://boucheri.vds131.tmp-access.net/wp-content/uploads/2026/01/sauce-bearnaise-250ml.jpg",
    "stock_status": "instock",
    "manage_stock": 0,
    "tax_class": "",
    "weight": null,
    "tags": ""
  },
  {
    "sku": "haricots-340ml",
    "name": "haricots 340ml",
    "published": 1,
    "is_featured": 0,
    "visibility": "visible",
    "short_description": "",
    "description": "",
    "regular_price": 1.4,
    "sale_price": "",
    "categories": "Divers",
    "images": "https://boucheri.vds131.tmp-access.net/wp-content/uploads/2026/01/haricots-340ml.jpg",
    "stock_status": "instock",
    "manage_stock": 0,
    "tax_class": "",
    "weight": null,
    "tags": ""
  },
  {
    "sku": "petit-pot-compote-360ml",
    "name": "petit pot compote 360ml",
    "published": 1,
    "is_featured": 0,
    "visibility": "visible",
    "short_description": "",
    "description": "",
    "regular_price": 1.38,
    "sale_price": "",
    "categories": "Divers",
    "images": "https://boucheri.vds131.tmp-access.net/wp-content/uploads/2026/01/petit-pot-compote-360ml.jpg",
    "stock_status": "instock",
    "manage_stock": 0,
    "tax_class": "",
    "weight": null,
    "tags": ""
  },
  {
    "sku": "grand-pot-compote-710ml",
    "name": "grand pot compote 710ml",
    "published": 1,
    "is_featured": 0,
    "visibility": "visible",
    "short_description": "",
    "description": "",
    "regular_price": 2.1,
    "sale_price": "",
    "categories": "Divers",
    "images": "https://boucheri.vds131.tmp-access.net/wp-content/uploads/2026/01/grand-pot-compote-710ml.jpg",
    "stock_status": "instock",
    "manage_stock": 0,
    "tax_class": "",
    "weight": null,
    "tags": ""
  },
  {
    "sku": "petit-pois-carottes-petit-pot",
    "name": "petit pois carottes (petit pot)",
    "published": 1,
    "is_featured": 0,
    "visibility": "visible",
    "short_description": "340ml",
    "description": "340ml",
    "regular_price": 1.7,
    "sale_price": "",
    "categories": "Divers",
    "images": "https://boucheri.vds131.tmp-access.net/wp-content/uploads/2026/01/petit-pois-carottes-petit-pot.jpg",
    "stock_status": "instock",
    "manage_stock": 0,
    "tax_class": "",
    "weight": null,
    "tags": ""
  },
  {
    "sku": "petit-pois-carottes-grand-pot",
    "name": "petit pois carottes (grand pot)",
    "published": 1,
    "is_featured": 0,
    "visibility": "visible",
    "short_description": "680ml",
    "description": "680ml",
    "regular_price": 2.39,
    "sale_price": "",
    "categories": "Divers",
    "images": "https://boucheri.vds131.tmp-access.net/wp-content/uploads/2026/01/petit-pois-carottes-grand-pot.jpg",
    "stock_status": "instock",
    "manage_stock": 0,
    "tax_class": "",
    "weight": null,
    "tags": ""
  },
  {
    "sku": "spaghettis-500gr",
    "name": "spaghettis +/-500gr",
    "published": 1,
    "is_featured": 0,
    "visibility": "visible",
    "short_description": "",
    "description": "",
    "regular_price": 2.5,
    "sale_price": "",
    "categories": "Divers",
    "images": "https://boucheri.vds131.tmp-access.net/wp-content/uploads/2026/01/spaghettis-500gr.jpg",
    "stock_status": "instock",
    "manage_stock": 0,
    "tax_class": "",
    "weight": null,
    "tags": ""
  },
  {
    "sku": "pennes-500gr",
    "name": "pennes +/-500gr",
    "published": 1,
    "is_featured": 0,
    "visibility": "visible",
    "short_description": "",
    "description": "",
    "regular_price": 2.5,
    "sale_price": "",
    "categories": "Divers",
    "images": "https://boucheri.vds131.tmp-access.net/wp-content/uploads/2026/01/pennes-500gr.jpg",
    "stock_status": "instock",
    "manage_stock": 0,
    "tax_class": "",
    "weight": null,
    "tags": ""
  },
  {
    "sku": "epices-sel-depice",
    "name": "Epices ( sel d'épice)",
    "published": 1,
    "is_featured": 0,
    "visibility": "visible",
    "short_description": "sel d'épice",
    "description": "sel d'épice",
    "regular_price": 3.5,
    "sale_price": "",
    "categories": "Divers",
    "images": "https://boucheri.vds131.tmp-access.net/wp-content/uploads/2026/01/epices-sel-depice.jpg",
    "stock_status": "instock",
    "manage_stock": 0,
    "tax_class": "",
    "weight": null,
    "tags": ""
  },
  {
    "sku": "saucisse-fumee-250gr",
    "name": "saucisse fumée +/-250gr",
    "published": 1,
    "is_featured": 0,
    "visibility": "visible",
    "short_description": "2pc de 125gr - 17,98€/kg",
    "description": "2pc de 125gr - 17,98€/kg",
    "regular_price": 4.49,
    "sale_price": "",
    "categories": "Choucroute",
    "images": "https://boucheri.vds131.tmp-access.net/wp-content/uploads/2026/01/saucisse-fumee-250gr.jpg",
    "stock_status": "instock",
    "manage_stock": 0,
    "tax_class": "",
    "weight": null,
    "tags": ""
  },
  {
    "sku": "saucisses-de-franckfort-400gr",
    "name": "saucisses de franckfort +/-400gr",
    "published": 1,
    "is_featured": 0,
    "visibility": "visible",
    "short_description": "5pc de 80gr - 15,98€/kg",
    "description": "5pc de 80gr - 15,98€/kg",
    "regular_price": 6.39,
    "sale_price": "",
    "categories": "Choucroute",
    "images": "https://boucheri.vds131.tmp-access.net/wp-content/uploads/2026/01/saucisses-de-franckfort-400gr.jpg",
    "stock_status": "instock",
    "manage_stock": 0,
    "tax_class": "",
    "weight": null,
    "tags": ""
  },
  {
    "sku": "boudin-blanc-150gr",
    "name": "Boudin Blanc  150gr",
    "published": 1,
    "is_featured": 0,
    "visibility": "visible",
    "short_description": "Sans lactose et gluten  17,98€/kg",
    "description": "Sans lactose et gluten  17,98€/kg",
    "regular_price": 2.69,
    "sale_price": "",
    "categories": "Sans gluten lactose",
    "images": "https://boucheri.vds131.tmp-access.net/wp-content/uploads/2026/01/boudin-blanc-150gr.jpg",
    "stock_status": "instock",
    "manage_stock": 0,
    "tax_class": "",
    "weight": null,
    "tags": ""
  },
  {
    "sku": "baelenoise-boulette-rotie",
    "name": "Baelenoise ( boulette rôtie)",
    "published": 1,
    "is_featured": 0,
    "visibility": "visible",
    "short_description": "125gr/pièce      12.98€/kg   sans lactose sans gluten",
    "description": "125gr/pièce      12.98€/kg   sans lactose sans gluten",
    "regular_price": 1.62,
    "sale_price": "",
    "categories": "Sans gluten lactose",
    "images": "https://boucheri.vds131.tmp-access.net/wp-content/uploads/2026/01/baelenoise-boulette-rotie.jpg",
    "stock_status": "instock",
    "manage_stock": 0,
    "tax_class": "",
    "weight": null,
    "tags": ""
  }
]