SKU;Name;Published;Is featured?;Visibility in catalog;Short description;Description;Regular price;Sale price;Categories;Images;Stock status;Manage stock?;Tax class;Weight (kg);Tags
braisade-de-canard-100gr;Braisade de canard +/-100gr;1;0;visible;1pc 100gr  32.90€/kg;1pc 100gr  32.90€/kg;3.29;;Barbecue;https://boucheri.vds131.tmp-access.net/wp-content/uploads/2026/01/braisade-de-canard-100gr.jpg;instock;0;;;
brochette-dagneau-150gr;Brochette d'agneau +/-150gr;1;0;visible;1pc 150gr - 24,98€/kg;1pc 150gr - 24,98€/kg;3.74;;Barbecue;https://boucheri.vds131.tmp-access.net/wp-content/uploads/2026/01/brochette-dagneau-150gr.jpg;instock;0;;;
brochette-de-boeuf-150gr;Brochette de bœuf  +/-150gr;1;0;visible;1pc 150gr - 22,95€/kg;1pc 150gr - 22,95€/kg;3.44;;Barbecue;https://boucheri.vds131.tmp-access.net/wp-content/uploads/2026/01/brochette-de-boeuf-150gr.jpg;instock;0;;;
brochette-de-volaille-150gr;Brochette de volaille +/-150gr;1;0;visible;1pc 150gr - 20,98€/kg;1pc 150gr - 20,98€/kg;3.14;;Barbecue;https://boucheri.vds131.tmp-access.net/wp-content/uploads/2026/01/brochette-de-volaille-150gr.jpg;instock;0;;;
brochette-de-porc-et-boeuf-150gr;Brochette de porc et bœuf +/-150gr;1;0;visible;1pc 150gr - 18,95€/kg;1pc 150gr - 18,95€/kg;2.84;;Barbecue;https://boucheri.vds131.tmp-access.net/wp-content/uploads/2026/01/brochette-de-porc-et-boeuf-150gr.jpg;instock;0;;;
couronne-de-porc-marinee-200gr;couronne de porc marinée +/-200gr;1;0;visible;1pc 250gr - 19,98€/kg;1pc 250gr - 19,98€/kg;4.99;;Barbecue;https://boucheri.vds131.tmp-access.net/wp-content/uploads/2026/01/couronne-de-porc-marinee-200gr.jpg;instock;0;;;
filet-de-poulet-marine-250grgr;filet de poulet mariné +/-250grgr;1;0;visible;1pc 250gr - 17,98€/kg;1pc 250gr - 17,98€/kg;4.49;;Barbecue;https://boucheri.vds131.tmp-access.net/wp-content/uploads/2026/01/filet-de-poulet-marine-250grgr.jpg;instock;0;;;
lard-marine-100gr;Lard mariné +/-100gr;1;0;visible;1pc 100gr - 16,99€/kg;1pc 100gr - 16,99€/kg;1.69;;Barbecue;https://boucheri.vds131.tmp-access.net/wp-content/uploads/2026/01/lard-marine-100gr.jpg;instock;0;;;
pilons-marines-100gr;pilons marinés +/-100gr;1;0;visible;1pc 100gr - 10,98€/kg;1pc 100gr - 10,98€/kg;1.09;;Barbecue;https://boucheri.vds131.tmp-access.net/wp-content/uploads/2026/01/pilons-marines-100gr.jpg;instock;0;;;
salade-de-pate-toscane-500gr;salade de pâte toscane +/-500gr;1;0;visible;14,98€/kg;14,98€/kg;7.49;;Barbecue;https://boucheri.vds131.tmp-access.net/wp-content/uploads/2026/01/salade-de-pate-toscane-500gr.jpg;instock;0;;;
salade-de-pommes-de-terre-500gr;salade de pommes de terre +/-500gr;1;0;visible;12,98€/kg;12,98€/kg;6.49;;Barbecue;https://boucheri.vds131.tmp-access.net/wp-content/uploads/2026/01/salade-de-pommes-de-terre-500gr.jpg;instock;0;;;
steak-marine-200gr;steak mariné +/-200gr;1;0;visible;1pc de 200gr - 25,98€/kg;1pc de 200gr - 25,98€/kg;5.19;;Barbecue;https://boucheri.vds131.tmp-access.net/wp-content/uploads/2026/01/steak-marine-200gr.jpg;instock;0;;;
salade-fitness-200gr;salade fitness +/- 200gr;1;0;visible;14.98€/kg;14.98€/kg;2.99;;Barbecue;https://boucheri.vds131.tmp-access.net/wp-content/uploads/2026/01/salade-fitness-200gr.jpg;instock;0;;;
braisade-de-filet-pur-porc-ail-des-ours;Braisade de filet pur porc ail des ours;1;0;visible;1pc 100gr   22.98€/kg;1pc 100gr   22.98€/kg;2.29;;Barbecue;https://boucheri.vds131.tmp-access.net/wp-content/uploads/2026/01/braisade-de-filet-pur-porc-ail-des-ours.jpg;instock;0;;;
aiguillette-de-poulet;Aiguillette de poulet;1;0;visible;1pc 100gr 22.98€/kg;1pc 100gr 22.98€/kg;2.29;;Barbecue;https://boucheri.vds131.tmp-access.net/wp-content/uploads/2026/01/aiguillette-de-poulet.jpg;instock;0;;;
braisade-de-filet-dagneau;Braisade de Filet d'agneau;1;0;visible;1pc 100gr  39.98€/kg;1pc 100gr  39.98€/kg;3.99;;Barbecue;https://boucheri.vds131.tmp-access.net/wp-content/uploads/2026/01/braisade-de-filet-dagneau.jpg;instock;0;;;
braisade-de-boeuf;Braisade de Boeuf;1;0;visible;1pc 100gr  26.98€/kg;1pc 100gr  26.98€/kg;2.69;;Barbecue;https://boucheri.vds131.tmp-access.net/wp-content/uploads/2026/01/braisade-de-boeuf.jpg;instock;0;;;
aloyau-200gr;Aloyau 200gr;1;0;visible;1 steaks 200gr - 27,98€/kg;1 steaks 200gr - 27,98€/kg;5.59;;Bœuf;https://boucheri.vds131.tmp-access.net/wp-content/uploads/2026/01/aloyau-200gr.jpg;instock;0;;;
filet-pur-200gr;Filet pur +/-200gr;1;0;visible;1 steak 200gr - 42,90€/kg;1 steak 200gr - 42,90€/kg;8.58;;Bœuf;https://boucheri.vds131.tmp-access.net/wp-content/uploads/2026/01/filet-pur-200gr.jpg;instock;0;;;
americain-nature-500gr;Américain nature +/-500gr;1;0;visible;15,90€/kg;15,90€/kg;7.95;;Bœuf;https://boucheri.vds131.tmp-access.net/wp-content/uploads/2026/01/americain-nature-500gr.jpg;instock;0;;;
americain-prepare-250gr;Américain préparé +/-250gr;1;0;visible;16,90€/kg;16,90€/kg;4.22;;Bœuf;https://boucheri.vds131.tmp-access.net/wp-content/uploads/2026/01/americain-prepare-250gr.jpg;instock;0;;;
bouilli-jarret-500gr;Bouilli Jarret +/-500gr;1;0;visible;14,48€/kg;14,48€/kg;7.24;;Bœuf;https://boucheri.vds131.tmp-access.net/wp-content/uploads/2026/01/bouilli-jarret-500gr.jpg;instock;0;;;
carbonnade-de-boeuf-500gr;Carbonnade de Bœuf +/-500gr;1;0;visible;17,98€/kg;17,98€/kg;8.99;;Bœuf;https://boucheri.vds131.tmp-access.net/wp-content/uploads/2026/01/carbonnade-de-boeuf-500gr.jpg;instock;0;;;
carpaccio-de-boeuf-100gr;Carpaccio de Bœuf +/-100gr;1;0;visible;29,98€/kg;29,98€/kg;2.98;;Bœuf;https://boucheri.vds131.tmp-access.net/wp-content/uploads/2026/01/carpaccio-de-boeuf-100gr.jpg;instock;0;;;
cote-a-los-800gr;Côte à l'os +/-800gr;1;0;visible;25,98€/kg;25,98€/kg;20.78;;Bœuf;https://boucheri.vds131.tmp-access.net/wp-content/uploads/2026/01/cote-a-los-800gr.jpg;instock;0;;;
entrecote-6-cotes-400gr;Entrecôte 6 côtes +/-400gr;1;0;visible;21,48€/kg;21,48€/kg;8.59;;Bœuf;https://boucheri.vds131.tmp-access.net/wp-content/uploads/2026/01/entrecote-6-cotes-400gr.jpg;instock;0;;;
pave-de-boeuf-300gr;Pavé de bœuf +/-300gr;1;0;visible;25,98€/kg;25,98€/kg;7.79;;Bœuf;https://boucheri.vds131.tmp-access.net/wp-content/uploads/2026/01/pave-de-boeuf-300gr.jpg;instock;0;;;
plat-filet-petit-nerf-500gr;Plat filet ( petit nerf) +/-500gr;1;0;visible;20,98€/kg;20,98€/kg;10.49;;Bœuf;https://boucheri.vds131.tmp-access.net/wp-content/uploads/2026/01/plat-filet-petit-nerf-500gr.jpg;instock;0;;;
rosbeef-800gr;Rosbeef +/-800gr;1;0;visible;25,98€/kg;25,98€/kg;20.78;;Bœuf;https://boucheri.vds131.tmp-access.net/wp-content/uploads/2026/01/rosbeef-800gr.jpg;instock;0;;;
rumsteak-200gr;Rumsteak +/-200gr;1;0;visible;1 steaks 200gr - 24,98€/kg;1 steaks 200gr - 24,98€/kg;4.99;;Bœuf;https://boucheri.vds131.tmp-access.net/wp-content/uploads/2026/01/rumsteak-200gr.jpg;instock;0;;;
roti-casserole-1kg;Rôti casserole +/-1kg;1;0;visible;21,98€/kg;21,98€/kg;17.58;;Bœuf;https://boucheri.vds131.tmp-access.net/wp-content/uploads/2026/01/roti-casserole-1kg.jpg;instock;0;;;
steak-hache-de-boeuf-150gr;Steak haché de bœuf +/- 150gr;1;0;visible;1pc de 150gr - 16.98€/kg;1pc de 150gr - 16.98€/kg;2.54;;Bœuf;https://boucheri.vds131.tmp-access.net/wp-content/uploads/2026/01/steak-hache-de-boeuf-150gr.jpg;instock;0;;;
steak-pele-2-200gr;Steak pelé 2 +/-200gr;1;0;visible;1 steaks 200gr - 21,98€/kg;1 steaks 200gr - 21,98€/kg;4.39;;Bœuf;https://boucheri.vds131.tmp-access.net/wp-content/uploads/2026/01/steak-pele-2-200gr.jpg;instock;0;;;
steak-pele-1er-choix-200gr;Steak pelé 1er choix 200gr;1;0;visible;1 steaks 200gr - 23,98€/kg;1 steaks 200gr - 23,98€/kg;4.79;;Bœuf;https://boucheri.vds131.tmp-access.net/wp-content/uploads/2026/01/steak-pele-1er-choix-200gr.jpg;instock;0;;;
steak-marine-200gr;Steak mariné +/-200gr;1;0;visible;1 steaks 200gr - 25,98€/kg;1 steaks 200gr - 25,98€/kg;5.19;;Bœuf;https://boucheri.vds131.tmp-access.net/wp-content/uploads/2026/01/steak-marine-200gr.jpg;instock;0;;;
brochette-de-boeuf-150gr;Brochette de bœuf +/-150gr;1;0;visible;1 brochettes 150gr - 22,95€/kg;1 brochettes 150gr - 22,95€/kg;3.44;;Bœuf;https://boucheri.vds131.tmp-access.net/wp-content/uploads/2026/01/brochette-de-boeuf-150gr.jpg;instock;0;;;
escalope-de-boeuf-pane-150gr;Escalope de Bœuf pané +/-150gr;1;0;visible;1 pc de 150gr - 23,98€/kg;1 pc de 150gr - 23,98€/kg;3.59;;Bœuf;https://boucheri.vds131.tmp-access.net/wp-content/uploads/2026/01/escalope-de-boeuf-pane-150gr.jpg;instock;0;;;
contre-filet-400gr;Contre filet +/-400gr;1;0;visible;26,98€/kg;26,98€/kg;10.79;;Bœuf;https://boucheri.vds131.tmp-access.net/wp-content/uploads/2026/01/contre-filet-400gr.jpg;instock;0;;;
brochette-de-porc-150gr;Brochette de porc +/-150gr;1;0;visible;1 pc de 150gr - 16,95€/kg;1 pc de 150gr - 16,95€/kg;2.54;;Porc;https://boucheri.vds131.tmp-access.net/wp-content/uploads/2026/01/brochette-de-porc-150gr.jpg;instock;0;;;
carbonnade-de-porc-500gr;Carbonnade de porc +/-500gr;1;0;visible;13,98€/kg;13,98€/kg;6.96;;Porc;https://boucheri.vds131.tmp-access.net/wp-content/uploads/2026/01/carbonnade-de-porc-500gr.jpg;instock;0;;;
cote-au-spirling-200gr;Côte au spirling +/-200gr;1;0;visible;1 pc de 200gr - 10,48€/kg;1 pc de 200gr - 10,48€/kg;2.09;;Porc;https://boucheri.vds131.tmp-access.net/wp-content/uploads/2026/01/cote-au-spirling-200gr.jpg;instock;0;;;
couronne-de-porc-200gr;couronne de porc +/-200gr;1;0;visible;1 pc de 250gr - 19,98€/kg;1 pc de 250gr - 19,98€/kg;4.99;;Porc;https://boucheri.vds131.tmp-access.net/wp-content/uploads/2026/01/couronne-de-porc-200gr.jpg;instock;0;;;
filet-pur-porc-500gr;Filet pur porc +/-500gr;1;0;visible;22,98€/kg;22,98€/kg;11.49;;Porc;https://boucheri.vds131.tmp-access.net/wp-content/uploads/2026/01/filet-pur-porc-500gr.jpg;instock;0;;;
gyros-500gr;Gyros +/-500gr;1;0;visible;16,98€/kg;16,98€/kg;8.49;;Porc;https://boucheri.vds131.tmp-access.net/wp-content/uploads/2026/01/gyros-500gr.jpg;instock;0;;;
lard-fume-100gr;Lard fumé +/-100gr;1;0;visible;1 tr - 16,98€/kg;1 tr - 16,98€/kg;1.69;;Porc;https://boucheri.vds131.tmp-access.net/wp-content/uploads/2026/01/lard-fume-100gr.jpg;instock;0;;;
lard-entrelarde-100gr;Lard entrelardé +/-100gr;1;0;visible;1 tr - 16,98€/kg;1 tr - 16,98€/kg;1.69;;Porc;https://boucheri.vds131.tmp-access.net/wp-content/uploads/2026/01/lard-entrelarde-100gr.jpg;instock;0;;;
roti-au-carre-super-doux-800gr;Rôti au carré super doux +/-800gr;1;0;visible;16,98€/kg;16,98€/kg;13.58;;Porc;https://boucheri.vds131.tmp-access.net/wp-content/uploads/2026/01/roti-au-carre-super-doux-800gr.jpg;instock;0;;;
saute-de-porc-150gr;Sauté de porc +/-150gr;1;0;visible;1 pc de 150gr - 16.98€/kg;1 pc de 150gr - 16.98€/kg;2.54;;Porc;https://boucheri.vds131.tmp-access.net/wp-content/uploads/2026/01/saute-de-porc-150gr.jpg;instock;0;;;
saute-de-porc-pane-150gr;Sauté de porc pané +/-150gr;1;0;visible;1 pc de 150gr - 16,98€/kg;1 pc de 150gr - 16,98€/kg;2.54;;Porc;https://boucheri.vds131.tmp-access.net/wp-content/uploads/2026/01/saute-de-porc-pane-150gr.jpg;instock;0;;;
blanquette-de-veau-500gr;Blanquette de Veau +/-500gr;1;0;visible;22,98€/kg;22,98€/kg;11.49;;Veau;https://boucheri.vds131.tmp-access.net/wp-content/uploads/2026/01/blanquette-de-veau-500gr.jpg;instock;0;;;
blanquette-de-veaua-los-500gr;Blanquette de Veauà l'os +/-500gr;1;0;visible;18/,98€/kg;18/,98€/kg;9.49;;Veau;https://boucheri.vds131.tmp-access.net/wp-content/uploads/2026/01/blanquette-de-veaua-los-500gr.jpg;instock;0;;;
boulette-de-veau-125gr;Boulette de veau +/-125gr;1;0;visible;1pc de 125gr - 16,98€/kg;1pc de 125gr - 16,98€/kg;2.12;;Veau;https://boucheri.vds131.tmp-access.net/wp-content/uploads/2026/01/boulette-de-veau-125gr.jpg;instock;0;;;
contrefilet-de-veau-250gr;Contrefilet de veau +/-250gr;1;0;visible;27,98€/kg;27,98€/kg;6.99;;Veau;https://boucheri.vds131.tmp-access.net/wp-content/uploads/2026/01/contrefilet-de-veau-250gr.jpg;instock;0;;;
cote-de-veau-500gr;Côte de veau +/-500gr;1;0;visible;25,98€/kg;25,98€/kg;12.99;;Veau;https://boucheri.vds131.tmp-access.net/wp-content/uploads/2026/01/cote-de-veau-500gr.jpg;instock;0;;;
filet-pur-de-veau-250gr;Filet pur de veau +/-250gr;1;0;visible;42,90€/kg;42,90€/kg;10.72;;Veau;https://boucheri.vds131.tmp-access.net/wp-content/uploads/2026/01/filet-pur-de-veau-250gr.jpg;instock;0;;;
foie-de-veau-250gr;foie de veau +/-250gr;1;0;visible;21,98€/kg;21,98€/kg;5.49;;Veau;https://boucheri.vds131.tmp-access.net/wp-content/uploads/2026/01/foie-de-veau-250gr.jpg;instock;0;;;
osso-bucco-jarret-de-veau-350gr;Osso bucco/Jarret de veau +/-350gr;1;0;visible;22,98€/kg;22,98€/kg;8.04;;Veau;https://boucheri.vds131.tmp-access.net/wp-content/uploads/2026/01/osso-bucco-jarret-de-veau-350gr.jpg;instock;0;;;
paupiette-de-veau-150gr;Paupiette de veau +/-150gr;1;0;visible;1pc de 125gr - 24,90€/kg;1pc de 125gr - 24,90€/kg;3.73;;Veau;https://boucheri.vds131.tmp-access.net/wp-content/uploads/2026/01/paupiette-de-veau-150gr.jpg;instock;0;;;
roti-de-veau-au-four-800gr;Rôti de veau au four +/-800gr;1;0;visible;29,90€/kg;29,90€/kg;23.92;;Veau;https://boucheri.vds131.tmp-access.net/wp-content/uploads/2026/01/roti-de-veau-au-four-800gr.jpg;instock;0;;;
saute-de-veau-150gr;Sauté de veau +/-150gr;1;0;visible;1 pc de 150gr - 29,90€/kg;1 pc de 150gr - 29,90€/kg;4.48;;Veau;https://boucheri.vds131.tmp-access.net/wp-content/uploads/2026/01/saute-de-veau-150gr.jpg;instock;0;;;
steak-hache-de-veau-150gr;Steak haché de veau +/-150gr;1;0;visible;1 pc de 150gr - 16,98€/kg;1 pc de 150gr - 16,98€/kg;2.54;;Veau;https://boucheri.vds131.tmp-access.net/wp-content/uploads/2026/01/steak-hache-de-veau-150gr.jpg;instock;0;;;
basse-cote-dagneau-150gr;Basse côte d'agneau +/-150gr;1;0;visible;1pc de 150gr - 22,98€/kg;1pc de 150gr - 22,98€/kg;3.44;;Agneau;https://boucheri.vds131.tmp-access.net/wp-content/uploads/2026/01/basse-cote-dagneau-150gr.jpg;instock;0;;;
cote-dagneau-125gr;Côte d'agneau +/-125gr;1;0;visible;1 pc de 125gr - 29,98€/kg;1 pc de 125gr - 29,98€/kg;3.74;;Agneau;https://boucheri.vds131.tmp-access.net/wp-content/uploads/2026/01/cote-dagneau-125gr.jpg;instock;0;;;
epaule-dagneau-600gr;Epaule d'agneau +/-600gr;1;0;visible;21,98€/kg;21,98€/kg;13.18;;Agneau;https://boucheri.vds131.tmp-access.net/wp-content/uploads/2026/01/epaule-dagneau-600gr.jpg;instock;0;;;
epigramme-dagneau-125gr;Epigramme d'agneau +/-125gr;1;0;visible;1 pc de 125gr - 16,98€/kg;1 pc de 125gr - 16,98€/kg;2.12;;Agneau;https://boucheri.vds131.tmp-access.net/wp-content/uploads/2026/01/epigramme-dagneau-125gr.jpg;instock;0;;;
filet-dagneau-250gr;Filet d'agneau +/-250gr;1;0;visible;41,98€/kg;41,98€/kg;10.49;;Agneau;https://boucheri.vds131.tmp-access.net/wp-content/uploads/2026/01/filet-dagneau-250gr.jpg;instock;0;;;
gigot-500gr;Gigot +/-500gr;1;0;visible;26,98€/kg;26,98€/kg;13.49;;Agneau;https://boucheri.vds131.tmp-access.net/wp-content/uploads/2026/01/gigot-500gr.jpg;instock;0;;;
tranche-de-gigot-250gr;Tranche de gigot +/-250gr;1;0;visible;26,98€/kg;26,98€/kg;6.74;;Agneau;https://boucheri.vds131.tmp-access.net/wp-content/uploads/2026/01/tranche-de-gigot-250gr.jpg;instock;0;;;
tranche-depaule-dagneau-250gr;Tranche d'épaule d'agneau +/-250gr;1;0;visible;21,98€/kg;21,98€/kg;5.49;;Agneau;https://boucheri.vds131.tmp-access.net/wp-content/uploads/2026/01/tranche-depaule-dagneau-250gr.jpg;instock;0;;;
filet-de-dinde-150gr;filet de dinde +/-150gr;1;0;visible;18.98€/kg;18.98€/kg;2.84;;Volaille;https://boucheri.vds131.tmp-access.net/wp-content/uploads/2026/01/filet-de-dinde-150gr.jpg;instock;0;;;
cuisse-de-lapin-400gr;Cuisse de lapin +/-400gr;1;0;visible;22,98€/kg;22,98€/kg;5.74;;Volaille;https://boucheri.vds131.tmp-access.net/wp-content/uploads/2026/01/cuisse-de-lapin-400gr.jpg;instock;0;;;
filet-de-poulet-200gr;Filet de poulet +/-200gr;1;0;visible;17,98€/kg;17,98€/kg;3.59;;Volaille;https://boucheri.vds131.tmp-access.net/wp-content/uploads/2026/01/filet-de-poulet-200gr.jpg;instock;0;;;
magret-de-canard-400gr;Magret de canard +/-400gr;1;0;visible;32,90€/kg;32,90€/kg;13.16;;Volaille;https://boucheri.vds131.tmp-access.net/wp-content/uploads/2026/01/magret-de-canard-400gr.jpg;instock;0;;;
pilon-de-poulet-00gr;Pilon de poulet +/-00gr;1;0;visible;1pc de 100gr - 10.98€/kg;1pc de 100gr - 10.98€/kg;1.09;;Volaille;https://boucheri.vds131.tmp-access.net/wp-content/uploads/2026/01/pilon-de-poulet-00gr.jpg;instock;0;;;
poulet-fermier-1kg;Poulet fermier +/-1kg;1;0;visible;12,98€/kg;12,98€/kg;12.98;;Volaille;https://boucheri.vds131.tmp-access.net/wp-content/uploads/2026/01/poulet-fermier-1kg.jpg;instock;0;;;
roti-de-dinde-500gr;Rôti de dinde +/-500gr;1;0;visible;18.98€/kg;18.98€/kg;9.49;;Volaille;https://boucheri.vds131.tmp-access.net/wp-content/uploads/2026/01/roti-de-dinde-500gr.jpg;instock;0;;;
cuisse-fermiere-400gr;Cuisse fermière +/-400gr;1;0;visible;10,90€/kg;10,90€/kg;4.36;;Volaille;https://boucheri.vds131.tmp-access.net/wp-content/uploads/2026/01/cuisse-fermiere-400gr.jpg;instock;0;;;
filet-de-poulet-fermier-200gr;filet de poulet fermier +/-200gr;1;0;visible;1pc 200gr - 22,98€/kg;1pc 200gr - 22,98€/kg;4.59;;Volaille;https://boucheri.vds131.tmp-access.net/wp-content/uploads/2026/01/filet-de-poulet-fermier-200gr.jpg;instock;0;;;
cuisse-de-poulet-rotie-300gr;cuisse de poulet rôtie +/-300gr;1;0;visible;12.98€/kg;12.98€/kg;3.89;;Volaille;https://boucheri.vds131.tmp-access.net/wp-content/uploads/2026/01/cuisse-de-poulet-rotie-300gr.jpg;instock;0;;;
pilon-cuit-100gr;Pilon cuit +/-100gr;1;0;visible;1 pc de 100gr 12.98€/kg;1 pc de 100gr 12.98€/kg;1.29;;Volaille;https://boucheri.vds131.tmp-access.net/wp-content/uploads/2026/01/pilon-cuit-100gr.jpg;instock;0;;;
poulet-roti-fermier-1kg;poulet roti fermier +/-1kg;1;0;visible;12,98€/kg;12,98€/kg;12.98;;Volaille;https://boucheri.vds131.tmp-access.net/wp-content/uploads/2026/01/poulet-roti-fermier-1kg.jpg;instock;0;;;
bacon-100gr;Bacon +/-100gr;1;0;visible;25,56€/kg;25,56€/kg;2.55;;Charcuterie;https://boucheri.vds131.tmp-access.net/wp-content/uploads/2026/01/bacon-100gr.jpg;instock;0;;;
boudin-blanc-150gr;boudin blanc  +/-150gr;1;0;visible;17,98€/kg;17,98€/kg;2.69;;Charcuterie;https://boucheri.vds131.tmp-access.net/wp-content/uploads/2026/01/boudin-blanc-150gr.jpg;instock;0;;;
boudin-noir-100gr;boudin noir  +/-100gr;1;0;visible;17,98€/kg;17,98€/kg;1.79;;Charcuterie;https://boucheri.vds131.tmp-access.net/wp-content/uploads/2026/01/boudin-noir-100gr.jpg;instock;0;;;
boudin-grille-150gr;boudin grillé +/-150gr;1;0;visible;17,98€/kg;17,98€/kg;2.69;;Charcuterie;https://boucheri.vds131.tmp-access.net/wp-content/uploads/2026/01/boudin-grille-150gr.jpg;instock;0;;;
boulette-rotie-125gr;boulette rôtie +/-125gr;1;0;visible;12,98€/kg;12,98€/kg;1.62;;Charcuterie;https://boucheri.vds131.tmp-access.net/wp-content/uploads/2026/01/boulette-rotie-125gr.jpg;instock;0;;;
baelenoise-125gr;Baelenoise  +/-125gr;1;0;visible;12,98€/kg;12,98€/kg;1.62;;Charcuterie;https://boucheri.vds131.tmp-access.net/wp-content/uploads/2026/01/baelenoise-125gr.jpg;instock;0;;;
chorizo-100gr;chorizo +/-100gr;1;0;visible;32,98€/kg;32,98€/kg;3.29;;Charcuterie;https://boucheri.vds131.tmp-access.net/wp-content/uploads/2026/01/chorizo-100gr.jpg;instock;0;;;
coppa-100gr;coppa +/-100gr;1;0;visible;38,98€/kg;38,98€/kg;3.89;;Charcuterie;https://boucheri.vds131.tmp-access.net/wp-content/uploads/2026/01/coppa-100gr.jpg;instock;0;;;
saucisson-au-jambon-100gr;saucisson au jambon +/-100gr;1;0;visible;16,98€/kg;16,98€/kg;1.69;;Charcuterie;https://boucheri.vds131.tmp-access.net/wp-content/uploads/2026/01/saucisson-au-jambon-100gr.jpg;instock;0;;;
jambon-dardenne-au-poivre-100gr;jambon d'ardenne au poivre +/-100gr;1;0;visible;32,98€/kg;32,98€/kg;3.29;;Charcuterie;https://boucheri.vds131.tmp-access.net/wp-content/uploads/2026/01/jambon-dardenne-au-poivre-100gr.jpg;instock;0;;;
jambon-dardenne-100gr;jambon d'ardenne +/-100gr;1;0;visible;32,98€/kg;32,98€/kg;3.29;;Charcuterie;https://boucheri.vds131.tmp-access.net/wp-content/uploads/2026/01/jambon-dardenne-100gr.jpg;instock;0;;;
jambon-a-los-100gr;Jambon à l'os +/-100gr;1;0;visible;26,98€/kg;26,98€/kg;2.69;;Charcuterie;https://boucheri.vds131.tmp-access.net/wp-content/uploads/2026/01/jambon-a-los-100gr.jpg;instock;0;;;
jambon-braise-100gr;Jambon braisé +/-100gr;1;0;visible;26,98€/kg;26,98€/kg;2.69;;Charcuterie;https://boucheri.vds131.tmp-access.net/wp-content/uploads/2026/01/jambon-braise-100gr.jpg;instock;0;;;
jambon-foret-noir-100gr;Jambon forêt noir +/-100gr;1;0;visible;34,98€/kg;34,98€/kg;3.49;;Charcuterie;https://boucheri.vds131.tmp-access.net/wp-content/uploads/2026/01/jambon-foret-noir-100gr.jpg;instock;0;;;
miche-au-poivre-100gr;Miche au poivre +/-100gr;1;0;visible;32,98€/kg;32,98€/kg;3.29;;Charcuterie;https://boucheri.vds131.tmp-access.net/wp-content/uploads/2026/01/miche-au-poivre-100gr.jpg;instock;0;;;
pate-creme-100gr;Pâté crème +/-100gr;1;0;visible;23.98€/kg;23.98€/kg;2.39;;Charcuterie;https://boucheri.vds131.tmp-access.net/wp-content/uploads/2026/01/pate-creme-100gr.jpg;instock;0;;;
pate-campagne-100gr;Pâté campagne +/-100gr;1;0;visible;23.98€/kg;23.98€/kg;2.39;;Charcuterie;https://boucheri.vds131.tmp-access.net/wp-content/uploads/2026/01/pate-campagne-100gr.jpg;instock;0;;;
mortadelle-100gr;mortadelle +/-100gr;1;0;visible;26,98€/kg;26,98€/kg;2.69;;Charcuterie;https://boucheri.vds131.tmp-access.net/wp-content/uploads/2026/01/mortadelle-100gr.jpg;instock;0;;;
noix-fumee-100gr;noix fumée +/-100gr;1;0;visible;24.98€/kg;24.98€/kg;2.49;;Charcuterie;https://boucheri.vds131.tmp-access.net/wp-content/uploads/2026/01/noix-fumee-100gr.jpg;instock;0;;;
pain-de-marcassou-100gr;pain de marcassou +/-100gr;1;0;visible;34,98€/kg;34,98€/kg;3.49;;Charcuterie;https://boucheri.vds131.tmp-access.net/wp-content/uploads/2026/01/pain-de-marcassou-100gr.jpg;instock;0;;;
pain-de-viande-nature-100gr;pain de viande nature +/-100gr;1;0;visible;17,95€/kg;17,95€/kg;1.79;;Charcuterie;https://boucheri.vds131.tmp-access.net/wp-content/uploads/2026/01/pain-de-viande-nature-100gr.jpg;instock;0;;;
pancetta-100gr;pancetta +/-100gr;1;0;visible;34,98€/kg;34,98€/kg;3.49;;Charcuterie;https://boucheri.vds131.tmp-access.net/wp-content/uploads/2026/01/pancetta-100gr.jpg;instock;0;;;
poitrine-de-dinde-100gr;poitrine de dinde +/-100gr;1;0;visible;28.98€/kg;28.98€/kg;2.71;;Charcuterie;https://boucheri.vds131.tmp-access.net/wp-content/uploads/2026/01/poitrine-de-dinde-100gr.jpg;instock;0;;;
roasbeef-cuit-100gr;roasbeef cuit +/-100gr;1;0;visible;32.98€/kg;32.98€/kg;3.29;;Charcuterie;https://boucheri.vds131.tmp-access.net/wp-content/uploads/2026/01/roasbeef-cuit-100gr.jpg;instock;0;;;
rosette-100gr;rosette +/-100gr;1;0;visible;34,98€/kg;34,98€/kg;3.49;;Charcuterie;https://boucheri.vds131.tmp-access.net/wp-content/uploads/2026/01/rosette-100gr.jpg;instock;0;;;
roulade-de-poulet-breton-100gr;roulade de poulet breton +/-100gr;1;0;visible;28,98€/kg;28,98€/kg;2.89;;Charcuterie;https://boucheri.vds131.tmp-access.net/wp-content/uploads/2026/01/roulade-de-poulet-breton-100gr.jpg;instock;0;;;
salade-de-crabe-200gr;salade de crabe +/-200gr;1;0;visible;24,48€/kg;24,48€/kg;4.99;;Charcuterie;https://boucheri.vds131.tmp-access.net/wp-content/uploads/2026/01/salade-de-crabe-200gr.jpg;instock;0;;;
salade-de-poulet-roti-200gr;salade de poulet rôti +/-200gr;1;0;visible;24.98€/kg;24.98€/kg;4.99;;Charcuterie;https://boucheri.vds131.tmp-access.net/wp-content/uploads/2026/01/salade-de-poulet-roti-200gr.jpg;instock;0;;;
salade-de-poulet-curry-200gr;salade de poulet curry +/-200gr;1;0;visible;23.98€/kg;23.98€/kg;4.79;;Charcuterie;https://boucheri.vds131.tmp-access.net/wp-content/uploads/2026/01/salade-de-poulet-curry-200gr.jpg;instock;0;;;
salade-de-thon-200gr;salade de thon +/-200gr;1;0;visible;23,98€/kg;23,98€/kg;4.79;;Charcuterie;https://boucheri.vds131.tmp-access.net/wp-content/uploads/2026/01/salade-de-thon-200gr.jpg;instock;0;;;
salade-thon-cocktail-200gr;salade thon cocktail +/-200gr;1;0;visible;23.98€/kg;23.98€/kg;4.79;;Charcuterie;https://boucheri.vds131.tmp-access.net/wp-content/uploads/2026/01/salade-thon-cocktail-200gr.jpg;instock;0;;;
salade-aux-oeufs-200gr;salade aux œufs +/-200gr;1;0;visible;16,99€/kg;16,99€/kg;3.39;;Charcuterie;https://boucheri.vds131.tmp-access.net/wp-content/uploads/2026/01/salade-aux-oeufs-200gr.jpg;instock;0;;;
salami-a-lechalote-100gr;salami à l'échalote +/-100gr;1;0;visible;34,98€/kg;34,98€/kg;3.49;;Charcuterie;https://boucheri.vds131.tmp-access.net/wp-content/uploads/2026/01/salami-a-lechalote-100gr.jpg;instock;0;;;
salami-a-l-ail-100gr;salami a l ail +/-100gr;1;0;visible;21.98€/kg;21.98€/kg;2.19;;Charcuterie;https://boucheri.vds131.tmp-access.net/wp-content/uploads/2026/01/salami-a-l-ail-100gr.jpg;instock;0;;;
salami-nature-100gr;salami nature +/-100gr;1;0;visible;23.98€/kg;23.98€/kg;2.39;;Charcuterie;https://boucheri.vds131.tmp-access.net/wp-content/uploads/2026/01/salami-nature-100gr.jpg;instock;0;;;
salami-de-volaille-100gr;salami de volaille +/-100gr;1;0;visible;34,98€/kg;34,98€/kg;3.49;;Charcuterie;https://boucheri.vds131.tmp-access.net/wp-content/uploads/2026/01/salami-de-volaille-100gr.jpg;instock;0;;;
salami-gaumais-100gr;salami gaumais +/-100gr;1;0;visible;32,98€/kg;32,98€/kg;3.29;;Charcuterie;https://boucheri.vds131.tmp-access.net/wp-content/uploads/2026/01/salami-gaumais-100gr.jpg;instock;0;;;
saltufos;saltufos;1;0;visible;4,99€/pc;4,99€/pc;4.99;;Charcuterie;https://boucheri.vds131.tmp-access.net/wp-content/uploads/2026/01/saltufos.jpg;instock;0;;;
saucisson-fermier-150gr;saucisson fermier +/-150gr;1;0;visible;18,98€/kg;18,98€/kg;2.84;;Charcuterie;https://boucheri.vds131.tmp-access.net/wp-content/uploads/2026/01/saucisson-fermier-150gr.jpg;instock;0;;;
filet-de-saxe-100gr;filet de saxe +/-100gr;1;0;visible;25,56€/kg;25,56€/kg;2.55;;Charcuterie;https://boucheri.vds131.tmp-access.net/wp-content/uploads/2026/01/filet-de-saxe-100gr.jpg;instock;0;;;
filet-danvers-100gr;filet d'anvers +/-100gr;1;0;visible;36,98€/kg;36,98€/kg;3.69;;Charcuterie;https://boucheri.vds131.tmp-access.net/wp-content/uploads/2026/01/filet-danvers-100gr.jpg;instock;0;;;
tete-pressee-300gr;Tête pressée +/-300gr;1;0;visible;16.98€/kg;16.98€/kg;5.09;;Charcuterie;https://boucheri.vds131.tmp-access.net/wp-content/uploads/2026/01/tete-pressee-300gr.jpg;instock;0;;;
jambon-belge-15-mois-100gr;Jambon Belge 15 mois  +-100gr;1;0;visible;37.98€/kg;37.98€/kg;3.79;;Charcuterie;https://boucheri.vds131.tmp-access.net/wp-content/uploads/2026/01/jambon-belge-15-mois-100gr.jpg;instock;0;;;
lonzo-corse-100gr;Lonzo Corse   +-100gr;1;0;visible;48.98€/kg;48.98€/kg;4.89;;Charcuterie;https://boucheri.vds131.tmp-access.net/wp-content/uploads/2026/01/lonzo-corse-100gr.jpg;instock;0;;;
coppa-corse-100gr;Coppa Corse   +-100gr;1;0;visible;42.98€/kg;42.98€/kg;4.29;;Charcuterie;https://boucheri.vds131.tmp-access.net/wp-content/uploads/2026/01/coppa-corse-100gr.jpg;instock;0;;;
vol-au-vent-500gr;Vol au vent +/-500gr;1;0;visible;14,90€/kg;14,90€/kg;7.45;;Traiteur;https://boucheri.vds131.tmp-access.net/wp-content/uploads/2026/01/vol-au-vent-500gr.jpg;instock;0;;;
boulette-sauce-chasseur-250gr;Boulette sauce chasseur +/-250gr;1;0;visible;1 pc 13,99€/kg;1 pc 13,99€/kg;3.49;;Traiteur;https://boucheri.vds131.tmp-access.net/wp-content/uploads/2026/01/boulette-sauce-chasseur-250gr.jpg;instock;0;;;
boulette-sauce-tomate-250gr;Boulette sauce tomate +/-250gr;1;0;visible;1 pc 13,99€/kg;1 pc 13,99€/kg;3.49;;Traiteur;https://boucheri.vds131.tmp-access.net/wp-content/uploads/2026/01/boulette-sauce-tomate-250gr.jpg;instock;0;;;
boulette-sauce-provencale-250gr;Boulette sauce provençale +/-250gr;1;0;visible;1 pc 13,99€/kg;1 pc 13,99€/kg;3.49;;Traiteur;https://boucheri.vds131.tmp-access.net/wp-content/uploads/2026/01/boulette-sauce-provencale-250gr.jpg;instock;0;;;
moussaka-500gr;Moussaka +/-500gr;1;0;visible;"18,98€/kg
😊!!! Délai  de commande 3 jours";"18,98€/kg
😊!!! Délai  de commande 3 jours";9.49;;Traiteur;https://boucheri.vds131.tmp-access.net/wp-content/uploads/2026/01/moussaka-500gr.jpg;instock;0;;;
gratin-daupinois-500gr;Gratin daupinois +/-500gr;1;0;visible;9,90€/kg;9,90€/kg;4.95;;Traiteur;https://boucheri.vds131.tmp-access.net/wp-content/uploads/2026/01/gratin-daupinois-500gr.jpg;instock;0;;;
puree-500gr;Purée +/-500gr;1;0;visible;9,98€/kg;9,98€/kg;4.99;;Traiteur;https://boucheri.vds131.tmp-access.net/wp-content/uploads/2026/01/puree-500gr.jpg;instock;0;;;
lasagne-500gr;Lasagne +/-500gr;1;0;visible;13,98€/kg;13,98€/kg;6.99;;Traiteur;https://boucheri.vds131.tmp-access.net/wp-content/uploads/2026/01/lasagne-500gr.jpg;instock;0;;;
sauce-bolognaise-500gr;Sauce bolognaise +/-500gr;1;0;visible;14,99€/kg;14,99€/kg;7.49;;Traiteur;https://boucheri.vds131.tmp-access.net/wp-content/uploads/2026/01/sauce-bolognaise-500gr.jpg;instock;0;;;
pomme-macaire-150gr;Pomme macaire +/-150gr;1;0;visible;1 pc de 150gr - 18,98€/kg;1 pc de 150gr - 18,98€/kg;2.54;;Traiteur;https://boucheri.vds131.tmp-access.net/wp-content/uploads/2026/01/pomme-macaire-150gr.jpg;instock;0;;;
poulet-oriental-500gr;Poulet oriental +/-500gr;1;0;visible;19,98€/kg;19,98€/kg;9.99;;Traiteur;https://boucheri.vds131.tmp-access.net/wp-content/uploads/2026/01/poulet-oriental-500gr.jpg;instock;0;;;
saucisses-porc-et-boeuf-150gr;saucisses porc et bœuf +/-150gr;1;0;visible;1pc 150gr - 11.98€/kg;1pc 150gr - 11.98€/kg;1.79;;Préparation - Hachis;https://boucheri.vds131.tmp-access.net/wp-content/uploads/2026/01/saucisses-porc-et-boeuf-150gr.jpg;instock;0;;;
saucisses-persil-oignons-150gr;saucisses persil oignons +/150gr;1;0;visible;1pc 150gr - 11,98€/kg;1pc 150gr - 11,98€/kg;1.79;;Préparation - Hachis;https://boucheri.vds131.tmp-access.net/wp-content/uploads/2026/01/saucisses-persil-oignons-150gr.jpg;instock;0;;;
chipollatas-80gr;chipollatas +/-80gr;1;0;visible;1pc 80gr - 15,90€/kg;1pc 80gr - 15,90€/kg;1.27;;Préparation - Hachis;https://boucheri.vds131.tmp-access.net/wp-content/uploads/2026/01/chipollatas-80gr.jpg;instock;0;;;
merguez-80gr;merguez +/-80gr;1;0;visible;1pc 80gr - 15,90€/kg;1pc 80gr - 15,90€/kg;1.27;;Préparation - Hachis;https://boucheri.vds131.tmp-access.net/wp-content/uploads/2026/01/merguez-80gr.jpg;instock;0;;;
filet-de-poulet-jambon-fromage-125gr;Filet de poulet jambon fromage +/-125gr;1;0;visible;1pc 125gr - 19.98€/kg;1pc 125gr - 19.98€/kg;2.49;;Préparation - Hachis;https://boucheri.vds131.tmp-access.net/wp-content/uploads/2026/01/filet-de-poulet-jambon-fromage-125gr.jpg;instock;0;;;
cordon-bleu-de-poulet-250gr;cordon bleu de poulet  +/-250gr;1;0;visible;1pc 250gr - 17,68€/kg;1pc 250gr - 17,68€/kg;4.42;;Préparation - Hachis;https://boucheri.vds131.tmp-access.net/wp-content/uploads/2026/01/cordon-bleu-de-poulet-250gr.jpg;instock;0;;;
cordon-bleu-de-porc-150gr;cordon bleu de porc +/-150gr;1;0;visible;1pc 150gr - 15.98€/kg;1pc 150gr - 15.98€/kg;2.39;;Préparation - Hachis;https://boucheri.vds131.tmp-access.net/wp-content/uploads/2026/01/cordon-bleu-de-porc-150gr.jpg;instock;0;;;
cordon-bleu-de-veau-150gr;cordon bleu de veau +/-150gr;1;0;visible;1pc 150gr - 24,90€/kg;1pc 150gr - 24,90€/kg;3.73;;Préparation - Hachis;https://boucheri.vds131.tmp-access.net/wp-content/uploads/2026/01/cordon-bleu-de-veau-150gr.jpg;instock;0;;;
filet-pur-porc-savoyard-250gr;Filet pur porc savoyard +/-250gr;1;0;visible;19,97€/kg;19,97€/kg;4.99;;Préparation - Hachis;https://boucheri.vds131.tmp-access.net/wp-content/uploads/2026/01/filet-pur-porc-savoyard-250gr.jpg;instock;0;;;
gyros-500gr;gyros +/-500gr;1;0;visible;16,98€/kg;16,98€/kg;8.49;;Préparation - Hachis;https://boucheri.vds131.tmp-access.net/wp-content/uploads/2026/01/gyros-500gr.jpg;instock;0;;;
gyros-de-volaille-500gr;gyros de volaille +/-500gr;1;0;visible;18,98€/kg;18,98€/kg;9.49;;Préparation - Hachis;https://boucheri.vds131.tmp-access.net/wp-content/uploads/2026/01/gyros-de-volaille-500gr.jpg;instock;0;;;
gyros-de-boeuf-500gr;gyros de bœuf +/-500gr;1;0;visible;22,98€/kg;22,98€/kg;11.49;;Préparation - Hachis;https://boucheri.vds131.tmp-access.net/wp-content/uploads/2026/01/gyros-de-boeuf-500gr.jpg;instock;0;;;
hachis-porc-et-boeuf-500gr;Hachis porc et Bœuf +/-500gr;1;0;visible;11,98€/kg;11,98€/kg;5.99;;Préparation - Hachis;https://boucheri.vds131.tmp-access.net/wp-content/uploads/2026/01/hachis-porc-et-boeuf-500gr.jpg;instock;0;;;
hachis-a-lancienne-persil-et-oignons-500gr;hachis à l'ancienne ( persil et oignons) +/-500gr;1;0;visible;11,98€/kg;11,98€/kg;5.99;;Préparation - Hachis;https://boucheri.vds131.tmp-access.net/wp-content/uploads/2026/01/hachis-a-lancienne-persil-et-oignons-500gr.jpg;instock;0;;;
oiseaux-sans-tete-150gr;oiseaux sans tête +/-150gr;1;0;visible;1pc 150gr - 16,48€/kg;1pc 150gr - 16,48€/kg;2.37;;Préparation - Hachis;https://boucheri.vds131.tmp-access.net/wp-content/uploads/2026/01/oiseaux-sans-tete-150gr.jpg;instock;0;;;
steak-hache-au-fromage-150gr;Steak haché au fromage +/-150gr;1;0;visible;1pc 150gr - 14.98€/kg;1pc 150gr - 14.98€/kg;2.54;;Préparation - Hachis;https://boucheri.vds131.tmp-access.net/wp-content/uploads/2026/01/steak-hache-au-fromage-150gr.jpg;instock;0;;;
steak-hache-ardennais-150gr;steak haché ardennais +/-150gr;1;0;visible;1pc 150gr - 14.98€/kg;1pc 150gr - 14.98€/kg;2.54;;Préparation - Hachis;https://boucheri.vds131.tmp-access.net/wp-content/uploads/2026/01/steak-hache-ardennais-150gr.jpg;instock;0;;;
steak-hache-aux-oignons-150gr;steak haché aux oignons +/-150gr;1;0;visible;1pc 150gr - 14.98€/kg;1pc 150gr - 14.98€/kg;2.54;;Préparation - Hachis;https://boucheri.vds131.tmp-access.net/wp-content/uploads/2026/01/steak-hache-aux-oignons-150gr.jpg;instock;0;;;
pain-de-viande-cru-500gr;pain de viande cru +/-500gr;1;0;visible;14,98€/kg;14,98€/kg;7.49;;Préparation - Hachis;https://boucheri.vds131.tmp-access.net/wp-content/uploads/2026/01/pain-de-viande-cru-500gr.jpg;instock;0;;;
paupiette-de-veau-150gr;paupiette de veau +/-150gr;1;0;visible;1pc 150gr - 24.90€/kg;1pc 150gr - 24.90€/kg;3.73;;Préparation - Hachis;https://boucheri.vds131.tmp-access.net/wp-content/uploads/2026/01/paupiette-de-veau-150gr.jpg;instock;0;;;
roti-de-porc-farci-1kg;roti de porc farci +/-1kg;1;0;visible;19,99€/kg;19,99€/kg;19.99;;Préparation - Hachis;https://boucheri.vds131.tmp-access.net/wp-content/uploads/2026/01/roti-de-porc-farci-1kg.jpg;instock;0;;;
roulade-ardennaise-150gr;roulade ardennaise +/-150gr;1;0;visible;1pc 150gr - 16.98€/kg;1pc 150gr - 16.98€/kg;2.54;;Préparation - Hachis;https://boucheri.vds131.tmp-access.net/wp-content/uploads/2026/01/roulade-ardennaise-150gr.jpg;instock;0;;;
roulade-de-boeuf-farci-au-pesto-rouge-150gr;roulade de bœuf farçi au pesto rouge +/-150gr;1;0;visible;1pc 150gr - 16,98€/kg;1pc 150gr - 16,98€/kg;2.54;;Préparation - Hachis;https://boucheri.vds131.tmp-access.net/wp-content/uploads/2026/01/roulade-de-boeuf-farci-au-pesto-rouge-150gr.jpg;instock;0;;;
filet-de-poulet-fermier-farci-500gr;filet de poulet fermier farçi +/-500gr;1;0;visible;2pc 250gr - 19,98€/kg;2pc 250gr - 19,98€/kg;9.99;;Préparation - Hachis;https://boucheri.vds131.tmp-access.net/wp-content/uploads/2026/01/filet-de-poulet-fermier-farci-500gr.jpg;instock;0;;;
roulade-de-porc-a-litalienne-500gr;roulade de porc à l'italienne +/-500gr;1;0;visible;2tr 250gr - 16,99€/kg;2tr 250gr - 16,99€/kg;8.49;;Préparation - Hachis;https://boucheri.vds131.tmp-access.net/wp-content/uploads/2026/01/roulade-de-porc-a-litalienne-500gr.jpg;instock;0;;;
poulet-croustillant;Poulet croustillant;1;0;visible;2pc de 125gr - 22.98€/kg;2pc de 125gr - 22.98€/kg;5.74;;Préparation - Hachis;https://boucheri.vds131.tmp-access.net/wp-content/uploads/2026/01/poulet-croustillant.jpg;instock;0;;;
pic-savoyard;Pic Savoyard;1;0;visible;20.98€/kg;20.98€/kg;10;;Préparation - Hachis;https://boucheri.vds131.tmp-access.net/wp-content/uploads/2026/01/pic-savoyard.jpg;instock;0;;;
plateau-fondue-classique-200gr-pers;plateau fondue classique 200gr/pers;1;0;visible;bœuf, dinde, boulettes, mini saucisse : 1 pers 200gr;bœuf, dinde, boulettes, mini saucisse : 1 pers 200gr;5.5;;Plateaux;https://boucheri.vds131.tmp-access.net/wp-content/uploads/2026/01/plateau-fondue-classique-200gr-pers.jpg;instock;0;;;
plateau-fondue-de-luxe-200gr-pers;plateau fondue de luxe 200gr/pers;1;0;visible;bœuf, dinde, boulettes, saucisses, canard, veau : 1 pers 200gr;bœuf, dinde, boulettes, saucisses, canard, veau : 1 pers 200gr;6.5;;Plateaux;https://boucheri.vds131.tmp-access.net/wp-content/uploads/2026/01/plateau-fondue-de-luxe-200gr-pers.jpg;instock;0;;;
plateau-pierrade-classique-200gr-pers;plateau pierrade classique 200gr/pers;1;0;visible;bœuf, dinde, porc, chipo, burger : 1 pers 200gr;bœuf, dinde, porc, chipo, burger : 1 pers 200gr;5.5;;Plateaux;https://boucheri.vds131.tmp-access.net/wp-content/uploads/2026/01/plateau-pierrade-classique-200gr-pers.jpg;instock;0;;;
plateau-pierrade-de-luxe-200gr-pers;plateau pierrade de luxe 200gr/pers;1;0;visible;bœuf, dinde, porc, chipo, burger, agneau, canard, veau : 1 pers 200gr -;bœuf, dinde, porc, chipo, burger, agneau, canard, veau : 1 pers 200gr -;6;;Plateaux;https://boucheri.vds131.tmp-access.net/wp-content/uploads/2026/01/plateau-pierrade-de-luxe-200gr-pers.jpg;instock;0;;;
gourmet-prestige-200gr-pers;gourmet prestige 200gr/pers;1;0;visible;mini brochettes de bœuf,mini brochettes de  dinde, brochettes de porc, agneau, canard, veau, viande  étrangère et mini saucisses : 1 pers 200gr;mini brochettes de bœuf,mini brochettes de  dinde, brochettes de porc, agneau, canard, veau, viande  étrangère et mini saucisses : 1 pers 200gr;7.5;;Plateaux;https://boucheri.vds131.tmp-access.net/wp-content/uploads/2026/01/gourmet-prestige-200gr-pers.jpg;instock;0;;;
assortiment-de-boudins;assortiment de boudins;1;0;visible;1 pers 100gr - 17,98€/kg;1 pers 100gr - 17,98€/kg;1.78;;Plateaux;https://boucheri.vds131.tmp-access.net/wp-content/uploads/2026/01/assortiment-de-boudins.jpg;instock;0;;;
plateau-mini-burger;plateau mini burger;1;0;visible;1 pers 100gr - 24,98€/kg;1 pers 100gr - 24,98€/kg;2.49;;Plateaux;https://boucheri.vds131.tmp-access.net/wp-content/uploads/2026/01/plateau-mini-burger.jpg;instock;0;;;
plateau-apero;Plateau Apéro;1;0;visible;;;15;;Plateaux;https://boucheri.vds131.tmp-access.net/wp-content/uploads/2026/01/plateau-apero.jpg;instock;0;;;
colis-mixte-4-personnes;colis Mixte  4 personnes;1;0;visible;"4 steaks - 800gr de rôti de boeuf - 4 sautés de veau - 800gr de rôti de veau - 4 filets de poulet - 4 poulets croustillant - 4 médaillons de porc - 800gr de pita
120€ - 20% = 96€";"4 steaks - 800gr de rôti de boeuf - 4 sautés de veau - 800gr de rôti de veau - 4 filets de poulet - 4 poulets croustillant - 4 médaillons de porc - 800gr de pita
120€ - 20% = 96€";96;;Colis;https://boucheri.vds131.tmp-access.net/wp-content/uploads/2026/01/colis-mixte-4-personnes.jpg;instock;0;;;
colis-boeuf-et-porc-4-personnes;colis bœuf et porc   4 personnes;1;0;visible;"4 rumsteaks - 4 steaks hachés de boeuf - 4 oiseaux sans tête - 800gr de roasbeef - 800gr de carbonnade de boeuf - 4 côtes de porc - 4 sautés de porc - 4 saucisses - 800gr de rôti carréde porc - 800gr de pita
125€ - 20%= 100€";"4 rumsteaks - 4 steaks hachés de boeuf - 4 oiseaux sans tête - 800gr de roasbeef - 800gr de carbonnade de boeuf - 4 côtes de porc - 4 sautés de porc - 4 saucisses - 800gr de rôti carréde porc - 800gr de pita
125€ - 20%= 100€";100;;Colis;https://boucheri.vds131.tmp-access.net/wp-content/uploads/2026/01/colis-boeuf-et-porc-4-personnes.jpg;instock;0;;;
colis-barbecue;colis Barbecue;1;0;visible;4 saucisses, 4pilons, 4 mergez, 4tr lard,  4brochettes ,2 steaks marine, 2 cotes marine;4 saucisses, 4pilons, 4 mergez, 4tr lard,  4brochettes ,2 steaks marine, 2 cotes marine;50;;Colis;https://boucheri.vds131.tmp-access.net/wp-content/uploads/2026/01/colis-barbecue.jpg;instock;0;;;volaille, boeuf
colis-preparation-4-personnes;colis Préparation  4 personnes;1;0;visible;"4 saucisses - 4 cordons de bleu - 4 oiseaux sans tête - 4 steaks hachés ardennais - 4 steaks hachés au fromage - 4 paupiette de veau - 1 pain de viande de 800gr - 4 poulets croustillant  - 4 côtes ardennaises- 4 escalopes de boeuf panés
110€ - 20% = 88€";"4 saucisses - 4 cordons de bleu - 4 oiseaux sans tête - 4 steaks hachés ardennais - 4 steaks hachés au fromage - 4 paupiette de veau - 1 pain de viande de 800gr - 4 poulets croustillant  - 4 côtes ardennaises- 4 escalopes de boeuf panés
110€ - 20% = 88€";88;;Colis;https://boucheri.vds131.tmp-access.net/wp-content/uploads/2026/01/colis-preparation-4-personnes.jpg;instock;0;;;
colis-prestige-4-personnes;colis Prestige  4 personnes;1;0;visible;"2 magret +- 800gr - 4 filets de poulet fermier - 2 contrefilet +- 800gr - 4 aloyau - 1 rôti de veau +- 800gr - 4 escalopes de veau - 2 filets de porc +-800gr - 4 filets d'agneau +- 800gr
170€ - 20% = 136€";"2 magret +- 800gr - 4 filets de poulet fermier - 2 contrefilet +- 800gr - 4 aloyau - 1 rôti de veau +- 800gr - 4 escalopes de veau - 2 filets de porc +-800gr - 4 filets d'agneau +- 800gr
170€ - 20% = 136€";136;;Colis;https://boucheri.vds131.tmp-access.net/wp-content/uploads/2026/01/colis-prestige-4-personnes.jpg;instock;0;;;
farandole-de-braisades;Farandole de Braisades;1;0;visible;4 filets mignon de boeuf au pesto - 4 filets de porc ail des ours - 4 filets de poulets provençale - 4 braisades de canard au miel - 4 filets d'agneau à l'ail - 4 braisades de veau 50€ au lieu de 65€;4 filets mignon de boeuf au pesto - 4 filets de porc ail des ours - 4 filets de poulets provençale - 4 braisades de canard au miel - 4 filets d'agneau à l'ail - 4 braisades de veau 50€ au lieu de 65€;50;;Colis;https://boucheri.vds131.tmp-access.net/wp-content/uploads/2026/01/farandole-de-braisades.jpg;instock;0;;;
sauce-mayonnaise-250ml;sauce mayonnaise 250ml;1;0;visible;;;3.8;;Divers;https://boucheri.vds131.tmp-access.net/wp-content/uploads/2026/01/sauce-mayonnaise-250ml.jpg;instock;0;;;
sauce-cocktail-250ml;sauce cocktail 250ml;1;0;visible;;;3.32;;Divers;https://boucheri.vds131.tmp-access.net/wp-content/uploads/2026/01/sauce-cocktail-250ml.jpg;instock;0;;;
sauce-bearnaise-250ml;sauce béarnaise 250ml;1;0;visible;;;3.32;;Divers;https://boucheri.vds131.tmp-access.net/wp-content/uploads/2026/01/sauce-bearnaise-250ml.jpg;instock;0;;;
haricots-340ml;haricots 340ml;1;0;visible;;;1.4;;Divers;https://boucheri.vds131.tmp-access.net/wp-content/uploads/2026/01/haricots-340ml.jpg;instock;0;;;
petit-pot-compote-360ml;petit pot compote 360ml;1;0;visible;;;1.38;;Divers;https://boucheri.vds131.tmp-access.net/wp-content/uploads/2026/01/petit-pot-compote-360ml.jpg;instock;0;;;
grand-pot-compote-710ml;grand pot compote 710ml;1;0;visible;;;2.1;;Divers;https://boucheri.vds131.tmp-access.net/wp-content/uploads/2026/01/grand-pot-compote-710ml.jpg;instock;0;;;
petit-pois-carottes-petit-pot;petit pois carottes (petit pot);1;0;visible;340ml;340ml;1.7;;Divers;https://boucheri.vds131.tmp-access.net/wp-content/uploads/2026/01/petit-pois-carottes-petit-pot.jpg;instock;0;;;
petit-pois-carottes-grand-pot;petit pois carottes (grand pot);1;0;visible;680ml;680ml;2.39;;Divers;https://boucheri.vds131.tmp-access.net/wp-content/uploads/2026/01/petit-pois-carottes-grand-pot.jpg;instock;0;;;
spaghettis-500gr;spaghettis +/-500gr;1;0;visible;;;2.5;;Divers;https://boucheri.vds131.tmp-access.net/wp-content/uploads/2026/01/spaghettis-500gr.jpg;instock;0;;;
pennes-500gr;pennes +/-500gr;1;0;visible;;;2.5;;Divers;https://boucheri.vds131.tmp-access.net/wp-content/uploads/2026/01/pennes-500gr.jpg;instock;0;;;
epices-sel-depice;Epices ( sel d'épice);1;0;visible;sel d'épice;sel d'épice;3.5;;Divers;https://boucheri.vds131.tmp-access.net/wp-content/uploads/2026/01/epices-sel-depice.jpg;instock;0;;;
saucisse-fumee-250gr;saucisse fumée +/-250gr;1;0;visible;2pc de 125gr - 17,98€/kg;2pc de 125gr - 17,98€/kg;4.49;;Choucroute;https://boucheri.vds131.tmp-access.net/wp-content/uploads/2026/01/saucisse-fumee-250gr.jpg;instock;0;;;
saucisses-de-franckfort-400gr;saucisses de franckfort +/-400gr;1;0;visible;5pc de 80gr - 15,98€/kg;5pc de 80gr - 15,98€/kg;6.39;;Choucroute;https://boucheri.vds131.tmp-access.net/wp-content/uploads/2026/01/saucisses-de-franckfort-400gr.jpg;instock;0;;;
boudin-blanc-150gr;Boudin Blanc  150gr;1;0;visible;Sans lactose et gluten  17,98€/kg;Sans lactose et gluten  17,98€/kg;2.69;;Sans gluten lactose;https://boucheri.vds131.tmp-access.net/wp-content/uploads/2026/01/boudin-blanc-150gr.jpg;instock;0;;;
baelenoise-boulette-rotie;Baelenoise ( boulette rôtie);1;0;visible;125gr/pièce      12.98€/kg   sans lactose sans gluten;125gr/pièce      12.98€/kg   sans lactose sans gluten;1.62;;Sans gluten lactose;https://boucheri.vds131.tmp-access.net/wp-content/uploads/2026/01/baelenoise-boulette-rotie.jpg;instock;0;;;
